3670 5536
291 496 356 562 204
834 493 991 549 Franciseus
1012 493 1072 548 Boll

289 710 425 758 veneno.
472 694 513 757 In
537 707 629 773 quem
655 697 838 774 quaerere?
870 690 1034 758 inlinitum
1058 694 1117 756 est.
1166 691 1367 775 Quicumque
1389 690 1521 767 fecerit,
1547 711 1621 759 veu-

290 799 420 877 diderit,
446 798 573 878 emerit,
598 799 760 876 habuerit,
785 799 922 865 dederit.
969 797 1053 882 Quid
1086 798 1196 863 eadem
1229 799 1282 864 lex
1309 798 1421 864 stetim
1446 798 1621 882 adiungit?

290 906 416 972 Recita.
456 907 571 988 Deque
595 905 666 971 eius
691 905 796 988 capite
821 905 980 988 quaerito.
1016 904 1142 971 Cuius?
1166 904 1223 987 qui
1246 905 1384 972 coierit?
1407 905 1621 974 convenerit?

290 1033 353 1080 non
377 1015 426 1079 ita
449 1019 509 1080 est.
558 1013 643 1098 Quid
668 1032 745 1096 ergo
769 1018 844 1078 est‘?
880 1012 940 1079 dic.
990 1011 1055 1096 Qui
1086 1011 1239 1078 tribunus
1269 1013 1409 1079 militum
1439 1012 1621 1094 legionibus

290 1126 446 1204 quattuor
468 1120 583 1202 primis
614 1120 710 1202 quive
742 1126 897 1201 quaestor
933 1119 1087 1186 tribunus
1118 1119 1224 1201 plebis
1260 1159 1303 1168 -
1328 1120 1479 1202 deinceps
1511 1139 1621 1186 omues

288 1229 502 1312 magistratus
526 1227 708 1295 nominavit
734 1267 774 1276 -
798 1228 895 1309 quive
922 1227 957 1292 in
988 1231 1106 1294 senatu
1136 1227 1333 1293 seutentiam
1368 1227 1454 1293 dixit
1487 1226 1620 1295 dixerit.

190 1324 192 1328 ’
290 1335 494 1421 Quiritum?
541 1333 607 1419 Qui
629 1354 738 1400 eorum
763 1334 859 1412 coiit,
884 1334 1018 1416 coiem't,
1042 1333 1212 1412 convenit,
1237 1337 1439 1411 convenerit,
1462 1349 1524 1416 quo
1548 1334 1621 1416 quis

290 1442 411 1508 iudicio
433 1441 560 1524 publico
585 1442 887 1509 condemnaretur.“

401 1550 468 1615 Hic
492 1549 680 1616 Ciceronem
705 1569 769 1616 non
792 1555 897 1616 totum
921 1549 1050 1629 quidem
1073 1549 1156 1632 legis
1173 1553 1279 1631 caput,
1298 1550 1354 1615 sed
1372 1551 1473 1616 verba
1489 1550 1621 1633 integra

291 1656 447 1724 attulisse
470 1656 575 1738 ipsum
599 1655 679 1721 illud
705 1655 848 1734 „recita“
874 1657 1085 1723 demonstrat.
1135 1659 1243 1738 Atque
1266 1677 1457 1738 quamquam
1487 1677 1549 1723 uon
1580 1658 1621 1722 ad

288 1765 434 1844 verbum,
459 1769 569 1828 tamen
593 1762 992 1828 sensuconveniuutcum
1009 1764 1163 1841 hocloco,
1188 1763 1319 1844 quaein
1338 1765 1415 1847 Dig.
1432 1768 1486 1845 48,
1504 1769 1534 1844 8,
1553 1768 1581 1840 l,
1602 1768 1617 1830 1

290 1868 505 1935 aMaroiauo
529 1876 683 1950 excerpta
708 1870 893 1936 traduntur.
941 1870 1014 1935 Hoc
1044 1869 1146 1952 igitur
1177 1890 1247 1936 oum
1277 1871 1415 1936 Bardtio
1447 1893 1504 1954 pro
1532 1878 1621 1938 certo

287 1977 468 2066 habendum
482 1982 533 2041 est
545 1976 710 2058 pertinere
722 1977 782 2042 hoc
795 1975 876 2060 legis
887 1975 1059 2043 Corneliae
1072 1977 1309 2059 praescriptum
1324 1997 1428 2060 neque
1441 1980 1482 2044 ad
1494 1979 1621 2060 equites

198 2169 202 2176 Ι
287 2085 452 2151 Romanos
476 2102 579 2164 neque
603 2084 645 2149 ad
668 2083 803 2164 plebem,
823 2084 879 2148 sed
896 2085 937 2149 ad
954 2083 1058 2148 solum
1075 2083 1274 2150 senatorium
1292 2085 1448 2151 ordinem.
1473 2087 1511 2152 L.
1530 2086 1622 2154 Sulla

288 2191 374 2257 enim
400 2210 471 2257 oum
496 2189 663 2256 senatoria
687 2189 809 2255 iudicia
833 2190 1050 2270 restituisset,
1085 2191 1181 2257 huius
1209 2191 1291 2274 legis
1315 2193 1493 2274 periculum
1517 2193 1621 2276 primo

286 2300 356 2365 loco
380 2298 421 2364 ad
445 2298 533 2380 ipsos
557 2297 689 2374 iudices,
715 2297 832 2365 deiude
856 2298 897 2364 ad
915 2298 1086 2364 universos
1103 2305 1273 2364 senatores
1292 2300 1408 2367 referri
1425 2301 1540 2381 voluit,
1565 2301 1621 2382 qui

290 2426 329 2471 ue
353 2405 495 2471 eiusdem
520 2405 645 2470 ordinis
662 2404 784 2471 iudices
801 2425 898 2488 saepe
914 2409 1168 2488 corrumperent,
1186 2405 1325 2472 maxime
1342 2415 1414 2472 erat
1431 2407 1619 2474 timendum.

400 2513 514 2580 Cicero
549 2511 653 2594 igitur
682 2511 759 2592 quid
791 2513 847 2578 lex
874 2512 938 2578 sibi
973 2512 1073 2599 uellet
1104 2512 1174 2578 sine
1209 2514 1306 2580 dubio
1336 2520 1424 2580 recte
1460 2515 1620 2597 exposuit.

287 2619 392 2701 Atqui
422 2620 594 2686 Cluentius
630 2637 727 2702 eques
756 2621 924 2686 Romanus
959 2627 1047 2696 erat,
1083 2638 1147 2684 non
1178 2628 1251 2685 erat
1285 2621 1409 2687 ordinis
1445 2623 1619 2689 senatorii:

287 2747 365 2810 ergo
382 2727 442 2792 hao
466 2727 538 2808 lege
557 2746 619 2792 non
646 2729 828 2794 tenebatur.
869 2729 987 2808 ltaque
1011 2737 1232 2793 accusatorem
1250 2728 1280 2793 si
1297 2729 1482 2796 Cluentium
1507 2729 1621 2796 iudicii

287 2834 432 2914 corrupti
477 2833 716 2914 recusavisset,
762 2833 965 2917 ineptissime
1011 2842 1157 2901 acturum
1201 2834 1304 2901 luisse
1344 2835 1503 2901 Bardtius
1539 2855 1569 2918 p.
1599 2839 1620 2902 5

288 2942 416 3007 statuit.
466 2942 571 3026 Quam
602 2940 916 3023 argumentationem
949 2942 1085 3022 speciem
1119 2943 1189 3008 veri
1220 2942 1339 3008 habere
1368 2944 1424 3011 vix
1455 2942 1619 3009 infitiaris.

286 3050 371 3115 Nam
404 3049 488 3130 qood
517 3049 613 3130 paulo
645 3049 733 3114 infra
756 3047 946 3131 diligentius
971 3048 1221 3134 explicabimus,
1254 3050 1395 3116 iudicum
1432 3069 1535 3131 neque
1566 3049 1621 3131 qui

287 3154 446 3222 senatorii
475 3174 578 3236 neque
608 3155 664 3237 qui
692 3157 853 3236 equestris
882 3155 1007 3221 ordinis
1036 3164 1145 3236 eraut,
1178 3159 1239 3222 hac
1265 3157 1337 3240 lege
1365 3160 1465 3223 etiam
1494 3158 1621 3238 equites

286 3264 450 3328 Romanos
480 3262 706 3344 comprehendi
738 3263 926 3348 cupiebant,
958 3283 1022 3346 qua
1045 3283 1085 3329 ne
1114 3274 1283 3330 senatores
1325 3263 1452 3346 quidem
1490 3283 1621 3330 oausam

286 3369 394 3436 dicere
418 3371 614 3453 solebant;¹)
638 3370 712 3435 iude
735 3369 970 3436 libentissimos
1005 3371 1102 3452 idque
1133 3391 1191 3437 suo
1222 3372 1293 3437 iure
1328 3391 1383 3437 eos
1408 3371 1500 3437 illum
1532 3390 1621 3438 acou-
1703 3358 1706 3364 ⁴

286 3483 428 3544 satorem
452 3477 679 3558 repudiaturos
695 3495 769 3542 esse
786 3485 913 3544 certum
930 3485 1010 3562 erat,
1035 3478 1089 3560 qui
1108 3497 1170 3560 qua
1185 3474 1259 3559 quis
1275 3479 1346 3562 lege
1363 3498 1426 3544 nou
1444 3483 1620 3556 teneretur,

287 3604 326 3652 ea
357 3585 429 3667 lege
460 3602 533 3649 eum
569 3602 723 3649 accusare
759 3585 903 3651 auderet.
953 3586 1116 3652 Patronus
1146 3603 1224 3652 vero
1259 3585 1337 3666 quin
1366 3585 1395 3649 si
1431 3586 1492 3650 hac
1521 3584 1554 3650 in
1587 3605 1622 3650 re

287 3691 528 3758 accusationem
561 3691 701 3756 dilucide
730 3691 960 3774 pervertisset,
997 3693 1099 3758 multo
1130 3692 1260 3758 facilius
1290 3692 1388 3758 etiam
1413 3694 1452 3758 de
1487 3691 1622 3758 crimine

287 3799 405 3868 veneni
428 3797 600 3866 victoriam
624 3805 852 3880 reportaturus
876 3805 964 3865 esset
988 3800 1061 3881 quis
1084 3799 1236 3866 dubitare
1260 3804 1412 3882 poterat?

399 3907 509 3988 Atque
532 3906 592 3971 hoc
615 3906 684 3971 loco
709 3911 797 3972 recte
820 3906 914 3972 nobis
938 3907 995 3973 illa
1020 3907 1132 3973 afferri
1157 3908 1312 3974 videntur
1336 3927 1418 3989 quae
1442 3906 1558 3974 Cicero
1582 3925 1622 3972 ex

286 4013 487 4080 accusatoris
510 4012 657 4082 oratione
685 4013 807 4080 attulit.
854 4013 1124 4098 Quamvisenim
1149 4018 1190 4081 ab
1214 4015 1404 4082 adversario
1436 4015 1621 4093 tradantur,

287 4109 395 4187 tamen
412 4139 536 4187 omnem
560 4120 795 4187 dubitationem
813 4128 973 4203 amovent,
996 4122 1074 4202 quin
1092 4129 1263 4188 accusator
1279 4122 1317 4187 de
1341 4122 1398 4188 illo
1415 4122 1499 4203 quod
1523 4140 1623 4202 supra

287 4228 427 4294 diximus
450 4229 533 4312 legis
550 4227 723 4295 Corneliae
740 4229 847 4311 capite
864 4230 967 4294 multa
991 4230 1103 4312 egerit.
1143 4229 1258 4296 Cicero
1275 4229 1360 4294 euim
1378 4246 1450 4294 oum
1474 4228 1623 4294 omnibus

287 4339 384 4401 rebus
413 4335 529 4401 callide
557 4335 686 4402 vitiatis
713 4336 927 4419 funditusque
955 4336 1157 4418 perturbatis
1186 4337 1225 4401 de
1255 4335 1390 4402 erimine
1416 4336 1528 4402 iudicii
1557 4356 1623 4402 cor·

247 4493 250 4502 .
287 4442 376 4524 rupti
412 4443 599 4510 Cluentium
634 4460 669 4508 se
704 4444 899 4526 purgavisse
934 4453 1084 4524 censeat,
1129 4451 1352 4510 accusatorem
1390 4433 1478 4510 hisce
1513 4443 1623 4512 verbis

288 4550 448 4632 appellat:

395 4710 415 4778 ¹)
434 4714 448 4780 ξ
468 4711 532 4766 144;
561 4729 632 4781 „qua
649 4711 707 4782 lege
726 4712 753 4764 in
772 4728 803 4766 eo
822 4727 919 4780 genere
939 4727 955 4764 a
973 4715 1093 4766 senatore
1105 4713 1171 4767 ratio
1184 4713 1268 4783 repeti
1288 4710 1372 4779 solet,
1395 4711 1428 4765 de
1441 4711 1561 4782 pecuniis
1581 4728 1623 4768 rc·

288 4801 420 4869 potandis,
440 4818 472 4855 ea
489 4802 549 4875 lege
567 4801 753 4862 honestissimo
773 4804 814 4862 est
832 4801 999 4860 absolutus“
