3670 5536
451 504 524 558 Num
544 503 683 558 Cluentius
702 505 735 557 de
754 503 864 558 crimine
882 502 972 558 iudicii
991 504 1107 572 corrupti
1126 520 1234 558 causam
1253 502 1356 586 dixerit.
1505 503 1570 569 203

238 706 337 768 esset.
385 699 442 769 Sin
469 707 576 768 autem
594 700 780 768 Cluentium
804 700 917 768 iudicii
936 701 1087 784 corrupti
1112 720 1203 768 reum
1227 699 1330 766 fuisse
1354 699 1568 780 concedimus,

236 809 319 875 nihil
344 829 407 874 uon
431 809 609 876 dilucidum
633 816 699 875 est:
725 809 919 889 ‚‚invidiam“
945 812 978 875 in
1002 809 1112 874 libello
1137 809 1320 875 attulerant
1351 814 1568 885 accusatores

237 917 294 982 sed
318 915 440 982 crimen
464 917 581 984 veneni
607 917 805 996 adiecerant,
830 935 892 994 „ne
916 915 1057 981 omnium
1083 915 1266 998 turpissimi
1283 915 1517 998 reperirentur,
1541 913 1571 980 si
1670 925 1673 928 ’

236 1023 270 1090 in
294 1023 449 1090 iudicium
474 1023 556 1089 nibil
579 1029 712 1105 praeter
734 1023 890 1091 iuvidiam
916 1021 1135 1090 attulissent“.

348 1133 529 1197 Praeterea
552 1131 712 1197 Bardtius
737 1149 807 1196 cum
832 1130 871 1219 (p.
896 1132 931 1213 4)
954 1148 1008 1196 eos
1041 1130 1129 1195 locos
1162 1129 1216 1210 qni
1245 1148 1324 1196 suae
1347 1128 1491 1211 opinioni
1515 1129 1568 1194 ad-

217 1244 464 1317 versarentur,
505 1257 589 1305 nova
623 1237 750 1304 ratione
786 1239 948 1320 explicare
983 1243 1171 1316 conaretur,
1208 1237 1289 1303 duos
1328 1236 1414 1303 locos
1453 1241 1570 1318 eosque

235 1344 449 1429 'gravissimos
478 1346 575 1426 plane
600 1345 754 1428 neglexit.
802 1346 946 1430 Quorum
978 1343 1336 1428 altarlegitu1·§90:
1371 1342 1492 1430 „Dicat
1515 1343 1571 1424 qui

236 1453 308 1519 vult
332 1452 427 1518 bodie
452 1453 491 1518 de
514 1452 571 1517 illo
594 1455 713 1540 populo
737 1453 917 1529 concitato,
951 1453 1004 1519 cui
1038 1458 1106 1519 tum
1137 1452 1254 1535 populo
1280 1469 1353 1516 mos
1371 1455 1484 1534 gestus
1508 1457 1569 1529 est,

238 1578 302 1639 qna
325 1560 365 1625 de
388 1579 424 1625 re
448 1561 563 1625 Iunius
587 1560 717 1626 causam
743 1560 882 1627 dixerit:
907 1579 1130 1643 quemcunque
1155 1558 1334 1642 rogaveris,
1356 1559 1416 1624 hoc
1440 1576 1569 1640 respon·

236 1666 344 1734 debit:
367 1667 452 1747 quod
475 1668 645 1749 pecuniam
670 1666 841 1750 acceperit,
865 1669 949 1749 quod
973 1669 1178 1734 innocentem
1205 1665 1466 1732 circumvenerit.
1508 1667 1571 1731 Est

235 1775 316 1840 haec
339 1772 458 1856 opinio.
506 1776 555 1839 At
586 1774 616 1840 si
645 1775 693 1841 ita
722 1781 827 1854 esset,
861 1777 936 1841 hac
967 1776 1059 1858 lege
1091 1783 1333 1861 accusatum
1370 1772 1569 1855 oportuit,

236 1899 313 1962 qua
337 1886 569 1947 accusatur
592 1881 787 1948 Habitus.
835 1886 886 1949 At
907 1883 978 1965 ipse
1001 1903 1040 1950 ea
1062 1883 1134 1965 lege
1158 1883 1369 1964 quaerebat.“
1417 1880 1570 1946 Alterum

236 1988 338 2053 affero
361 1989 466 2054 locum
491 1989 617 2069 gite,
646 2007 738 2070 quem
763 2010 827 2056 non
852 1990 956 2074 magis
981 1989 1154 2056 Bardtium
1178 1991 1327 2055 insuam
1353 1994 1478 2076 partem
1503 1993 1571 2052 tra-

236 2096 314 2162 here
343 2113 437 2176 posse
469 2096 612 2160 conlido:
649 2097 815 2182 ‚baama
851 2098 993 2166 tortasse
1029 2098 1206 2180 quispiam,
1244 2095 1458 2179 displiceatne
1491 2093 1571 2160 mibi
1635 2181 1638 2186 Ι

235 2203 342 2286 legum
372 2201 537 2284 praesidio
567 2203 686 2285 capitis
715 2204 894 2286 periculum
926 2207 1140 2288 propulsare?
1186 2204 1272 2270 Mihi
1304 2221 1398 2282 vero,
1435 2201 1569 2281 indicae,

237 2329 301 2376 non
325 2309 485 2395 displicet,
509 2311 566 2376 sed
590 2319 666 2376 utor
689 2311 843 2378 instituto
868 2331 947 2380 meo.
995 2315 1032 2380 lu
1058 2312 1197 2379 hominis
1229 2310 1358 2377 honesti
1387 2309 1568 2392 prudentis-

236 2436 297 2498 que
321 2415 441 2482 iudicio
465 2436 528 2482 non
554 2418 656 2483 solum
681 2437 751 2484 meo
775 2419 912 2486 consilio
937 2421 984 2486 uti
1011 2419 1183 2494 consuevi,
1214 2419 1271 2484 sed
1303 2418 1439 2483 multum
1471 2416 1569 2482 etiam

235 2525 322 2603 ciue,
354 2543 447 2606 quem
477 2525 631 2603 defendo,
669 2536 702 2592 et
737 2526 870 2610 consilio
906 2535 940 2594 et
972 2521 1136 2594 voluntati
1165 2529 1362 2608 obtempero.
1410 2525 1496 2591 Nam
1527 2528 1569 2589 ut

235 2633 338 2698 haec
360 2632 406 2697 ad
432 2652 490 2698 me
514 2650 636 2698 eausa
660 2634 802 2700 delata
831 2642 909 2714 est,
945 2636 1011 2717 qui
1035 2636 1152 2719 leges
1175 2653 1262 2709 eas,
1287 2633 1336 2698 ad
1367 2651 1472 2713 quas
1504 2631 1571 2697 ad-

236 2739 425 2806 hibemur
463 2747 501 2806 et
539 2739 580 2805 in
620 2741 776 2823 quibus
810 2761 1037 2820 versamur,
1075 2761 1192 2808 nosse
1230 2742 1450 2818 deberem
1474 2738 1570 2805 dixi

217 2847 396 2914 *Habito
420 2845 566 2912 statim
590 2866 632 2912 eo
656 2848 813 2931 capite:
839 2848 906 2930 qui
930 2849 1085 2916 coisset
1115 2868 1191 2931 quo
1216 2849 1309 2931 quis
1333 2846 1569 2912 condemna-

217 2959 370 3037 retur,
400 2951 516 3018 illum
550 2971 641 3018 esse
672 2952 863 3021 liberum:
899 2955 1032 3022 teneri
1067 2962 1197 3020 autem
1233 2961 1422 3021 nostrum
1458 2953 1570 3021 ordi·

236 3068 351 3125 uem.“
399 3059 527 3145 Quibus
553 3059 662 3125 verbis
697 3060 769 3126 fieri
805 3063 950 3145 petuisse
981 3081 1062 3147 nego
1095 3068 1132 3129 ut
1162 3063 1276 3129 Cicero
1306 3067 1471 3138 uteretur,
1505 3061 1569 3126 nisi

235 3186 271 3232 re
289 3185 367 3233 vera
391 3187 455 3233 uon
471 3167 505 3232 in
522 3167 724 3234 accusatoris
748 3169 896 3235 oratioue
919 3177 1058 3254 tantum,
1081 3170 1253 3236 sedetiam
1271 3169 1304 3235 in
1321 3169 1431 3235 libello
1448 3168 1569 3235 crimen

218 3272 347 3339 iudicii
379 3273 525 3356 corrupti
558 3274 711 3341 Cluentio
747 3275 907 3342 obiectum
943 3281 1039 3342 esset.
1088 3278 1173 3343 Nam
1206 3275 1350 3341 libellum
1380 3277 1486 3359 ipsum
1518 3276 1570 3341 hic

214 3388 463 3448 commemorat
496 3388 624 3448 orator:
662 3402 738 3448 num
774 3382 898 3450 iudices
934 3393 999 3449 tam
1036 3383 1186 3449 socordes
1222 3383 1432 3465 stupidusque
1467 3383 1569 3449 tuisse

235 3487 327 3554 nobis
360 3489 626 3570 persuadebimus
635 3487 649 3567 ‚'
678 3496 716 3556 ut
749 3511 790 3558 ne
817 3491 869 3556 hic
892 3491 1021 3572 quidem
1045 3491 1161 3557 fraude
1184 3500 1281 3572 atque
1308 3491 1511 3574 impudentia
1534 3509 1570 3556 se

236 3596 306 3679 capi
331 3596 658 3663 animadverterent?

347 3817 376 3879 2.
403 3813 518 3881 Cicero
542 3813 645 3897 igitur
668 3813 803 3880 disertis
828 3815 939 3882 verbis
963 3815 1150 3883 Cluentium
1175 3813 1287 3881 iudicii
1311 3814 1456 3896 corrupti
1480 3832 1569 3880 accu-

236 3927 343 3987 satum
378 3941 450 3988 esse
485 3921 662 3986 contendit.
722 3921 785 3986 Sed
822 3942 896 3988 num
929 3923 1002 3989 iteri
1034 3929 1171 4005 poterat,
1205 3928 1243 3987 ut
1266 3920 1439 3989 Cluentius
1472 3941 1568 4002 eques

235 4029 402 4094 Romanus
434 4028 492 4094 illa
514 4028 586 4110 lege
610 4028 764 4094 Cornelia
797 4030 836 4095 de
868 4029 998 4096 iudiciis
1028 4030 1191 4112 corruptis
1222 4029 1451 4112 colligaretur?
1497 4029 1570 4113 Qua

235 4135 274 4202 de
298 4155 334 4201 re
357 4135 421 4201 iam
447 4154 550 4218 pauca
572 4153 733 4216 exponere
758 4155 890 4202 necesse
914 4143 974 4203 est.
1530 4187 1533 4194 .

324 4244 395 4308 Lex
418 4243 573 4310 Cornelia
596 4244 636 4308 de
660 4242 790 4309 sicariis
814 4252 849 4309 et
871 4245 1033 4323 veneticis,
1060 4263 1124 4326 qua
1146 4246 1218 4328 lege
1240 4242 1413 4311 Cluentius
1438 4241 1568 4308 causam

235 4350 329 4429 dixit,
354 4351 449 4434 plura
467 4351 576 4432 capita
593 4349 792 4436 continebam
807 4371 941 4432 quorum
964 4372 1060 4419 unum
1083 4352 1304 4436 quaestionem
1322 4363 1510 4433 perpetuam
1529 4351 1569 4416 de

234 4457 387 4526 veneticis
412 4458 591 4524 constituit.
628 4457 739 4524 Huius
752 4459 879 4540 capitis
906 4462 990 4541 quod
1014 4478 1077 4525 non
1095 4460 1197 4526 solum
1215 4457 1351 4524 crimina
1366 4456 1495 4542 veneni,
1511 4459 1590 4524 sed.

235 4566 335 4632 etiam
359 4565 471 4632 iudicii
496 4565 642 4647 corrupti
659 4566 943 4647 complectebatur,
961 4567 1075 4634 Cicero
1092 4569 1189 4649 §148
1206 4568 1285 4631 haec
1302 4567 1404 4630 verba
1427 4564 1566 4648 allegat:

212 4757 214 4764 Ι
347 4675 464 4754 „lubet
492 4674 547 4740 lex
569 4693 624 4753 ea,
656 4691 720 4754 qua
746 4674 818 4758 lege
848 4676 927 4740 baec
957 4673 1106 4756 quaestio
1127 4673 1307 4746 constituta
1331 4677 1397 4756 est,
1429 4671 1567 4738 iudicem

236 4780 437 4865 quaestionis
544 4800 615 4850 cum
641 4780 682 4850 iis
706 4781 885 4862 iudicibus,
918 4781 973 4866 qui
1006 4784 1036 4848 ei
1070 4769 1322 4868 obvenerint..
1348 4798 1505 4864 quaerere
1528 4781 1567 4846 de
