3670 5536
286 435 350 500 206
518 483 522 492 ,
599 441 601 448 “
833 432 993 492 ιἰιιιιιιειιιιι
1010 432 1090 488 Bon

285 635 455 716 agebatur,
481 636 518 698 ut
541 630 575 698 in
599 629 719 696 iudicio
743 629 874 698 ordines
890 635 924 696 et
946 629 1107 696 factiones
1130 630 1170 695 de
1194 647 1320 700 summa
1342 647 1451 696 rerum
1475 629 1565 696 inter
1587 649 1622 696 se

286 745 461 806 certarent.
509 739 548 806 L.
575 737 751 824 Quinctius
774 737 859 804 enim
892 736 1043 803 tribunus
1074 737 1197 818 plebis,
1229 755 1293 803 non
1318 737 1396 818 quia
1419 737 1622 820 Oppianicus

184 895 186 902 -
286 848 441 914 innocens
465 847 639 914 damnatus
664 864 723 912 nec
747 845 824 927 quia
847 845 918 928 ipse
941 845 974 910 in
999 843 1120 910 iudicio
1143 846 1250 911 victus
1274 844 1411 926 esset,¹)
1434 851 1471 909 ιιι
1494 843 1528 910 in
1553 863 1623 910 con·

286 955 430 1022 tionibus
455 952 621 1020 seditiosis
646 952 867 1020 multitudinis
886 952 987 1018 animi
1010 951 1169 1018 acerrimo
1194 953 1227 1017 in
1252 950 1333 1018 illud
1356 951 1510 1020 iudicium
1534 951 1622 1018 Iuni-

285 1083 383 1130 anum
408 1061 480 1128 odio
503 1068 602 1141 atque
626 1059 677 1126 ira
700 1059 961 1144 incenderentur,
985 1067 1022 1124 ut
1044 1057 1183 1141 improbi
1215 1077 1253 1124 ac
1286 1059 1460 1126 nummarii
1497 1059 1622 1126 iudices

285 1178 343 1236 aut
366 1188 498 1236 causam
521 1167 668 1233 dicerent
691 1178 751 1232 aut
773 1173 887 1249 postea
905 1157 1066 1242 ¹censoriis
1096 1165 1392 1248 subscripcionibus
1416 1173 1636 1246 notarentur„

286 1277 424 1359 denique
447 1279 486 1342 ut
514 1274 617 1357 ipsius
648 1282 781 1341 senatus
805 1275 839 1340 in
863 1276 923 1340 boc
954 1273 1109 1339 iudicium
1132 1273 1296 1338 decretum
1321 1273 1464 1356 lieretff)
1497 1293 1620 1340 summo

210 1367 211 1370 ¹
285 1384 393 1452 studio
417 1383 600 1450 nitebatur:
625 1383 681 1447 sed
707 1382 810 1448 omnis
835 1382 893 1448 illa
917 1380 1092 1447 concitatio
1116 1380 1232 1463 plebis,
1257 1380 1462 1462 optimatium
1479 1381 1621 1460 vexatio,
1665 1359 1675 1471 Ἰ
1710 1406 1714 1411 ·

286 1511 381 1575 quam
405 1491 520 1557 Cicero
550 1490 717 1572 praeclare
747 1488 1006 1572 adumbravitl)
1038 1488 1292 1572 apopularibus
1315 1507 1353 1554 eo
1385 1488 1520 1557 consilio
1550 1507 1622 1572 age·

285 1603 399 1677 batur,
432 1607 469 1664 ιιι
492 1599 570 1664 ordo
594 1597 779 1664 senatorius
803 1617 843 1663 ex
873 1596 1004 1662 iudiciis
1028 1602 1214 1663 moveretur
1238 1602 1335 1677 atque
1358 1595 1408 1662 ita
1436 1596 1622 1662 firmissimo

285 1705 495 1774 auctoritatis
520 1704 680 1770 columine
696 1704 896 1786 privaretur.
936 1704 1004 1768 Iam
1029 1702 1136 1768 minus
1159 1703 1291 1785 probari
1308 1704 1426 1785 populo
1448 1715 1623 1786 coeperant

285 1815 406 1882 iudicia
436 1812 603 1879 senatoria
634 1816 667 1894 (ξ
691 1815 762 1892 ll);
806 1821 873 1878 tum
907 1830 984 1878 vero
1016 1816 1050 1875 et
1080 1810 1162 1876 illud
1196 1811 1352 1876 iudicium
1382 1811 1554 1877 Iunianum
1585 1817 1647 1902 et¹

285 1921 397 2005 paucis
414 1920 580 1986 mensibus
596 1926 669 2002 post
693 1917 830 1984 alterius
846 1917 960 1984 iudicii
981 1917 1122 1984 tabellae
1138 1916 1264 1983 nefarie
1280 1916 1456 1984 discolores
1479 1916 1586 1986 factae
1595 1919 1620 2002 ⁴)

285 2027 604 2096 vehementissimam
629 2026 774 2093 invidiae
797 2030 1023 2108 tempestatem
1042 2025 1075 2090 in
1099 2024 1221 2091 iudicia
1244 2025 1410 2091 senatoria
1426 2025 1619 2092 conflabant.

286 2136 348 2203 (lui
373 2134 523 2216 quamvis
547 2135 585 2202 L.
616 2133 792 2218 Quinctius
825 2135 920 2219 bomo
942 2132 1109 2214 popularis
1133 2138 1167 2198 et
1190 2133 1307 2211 audax,
1333 2132 1387 2214 qui
1411 2131 1492 2199 illud
1515 2131 1621 2198 incen-

285 2243 372 2308 dium
397 2241 616 2320 excitaverat,
648 2241 712 2305 iam
746 2240 864 2305 dudum
896 2238 1093 2321 magistratu
1116 2258 1188 2305 sese
1218 2240 1420 2315 abdicasset,
1454 2245 1622 2306 senatores

284 2333 381 2431 porro
407 2347 562 2415 resistere
587 2366 648 2414 non
673 2353 834 2429 poterant.
883 2346 954 2431 Quo
978 2345 1190 2424 factumest,
1222 2355 1260 2413 ιιι
1282 2348 1354 2431 lege
1378 2346 1518 2414 Aurelia
1542 2346 1622 2413 iudi·

285 2456 388 2524 ciaria
413 2477 441 2522 a.
460 2456 503 2520 70
520 2475 547 2522 a.
564 2453 643 2522 (ιιι.
668 2453 789 2522 iudicia
813 2453 918 2519 tribus
940 2454 1109 2521 ordinibus
1134 2460 1331 2535 senatorum,
1350 2455 1505 2535 equitum,
1520 2454 1621 2520 tribu-

285 2581 399 2629 norum
423 2561 624 2628 aerariorum
655 2562 874 2628 traderentur.
925 2561 998 2646 Quo
1030 2567 1175 2644 tempore
1206 2562 1289 2627 idem
1314 2562 1428 2630 Cicero
1454 2563 1620 2628 vehemen-

285 2669 413 2736 tissime
436 2668 470 2735 in
495 2668 616 2735 iudicia
640 2669 806 2736 senatoria
830 2669 980 2736 invectus
1004 2675 1055 2735 ast
1078 2675 1112 2734 et
1136 2669 1176 2736 ad
1201 2675 1358 2755 quantam
1382 2670 1620 2750 corruptionem

284 2777 440 2844 nobilitas
462 2795 636 2860 progressa
652 2759 750 2855 esset',
775 2776 810 2842 in
828 2777 979 2844 Verrinis
997 2777 1279 2862 demonstravit-⁵)
1317 2777 1382 2844 Sed
1398 2777 1454 2844 illo
1478 2783 1622 2858 tempore

285 2884 372 2953 viam
390 2882 454 2950 sibi
477 2884 646 2950 muniebat
661 2885 702 2950 ad
726 2902 868 2950 summos
892 2884 1090 2966 reipublicae
1114 2886 1262 2962 honorae,
1287 2884 1427 2966 primum
1445 2887 1486 2950 ad
1510 2884 1621 2950 aedili·

285 2998 386 3058 tatem
407 2992 565 3071 curulem;
592 3011 687 3082 quam
713 2999 750 3058 ut
773 2991 882 3075 populi
906 2992 1024 3058 studiis
1048 2992 1178 3058 facilius
1202 2992 1450 3074 adipisceretur,
1469 2991 1621 3074 Pompeio

286 3107 320 3166 et
343 3098 464 3167 Crasso
488 3117 560 3166 sese
583 3099 735 3176 adiunxit
759 3105 794 3165 et
817 3099 976 3166 acerrime
999 3099 1149 3167 invectus
1173 3106 1224 3166 est
1248 3100 1282 3165 in
1305 3101 1517 3184 senatoresl)

398 3207 551 3274 Ceterum
568 3226 608 3273 ex
625 3225 686 3289 quo
703 3205 739 3274 Ο.
759 3206 928 3274 Gracchus
945 3213 982 3273 ut
1005 3207 1131 3289 equites
1149 3227 1169 3273 a
1184 3213 1371 3273 senatorum
1395 3207 1622 3274 coniunctione

287 3321 482 3392 secerneret,
509 3313 550 3380 iis
575 3313 697 3380 iudicia
713 3312 811 3393 dedit,
837 3315 1013 3381 nourrullae
1036 3315 1124 3398 leges
1149 3313 1341 3380 iudiciariae
1365 3320 1498 3398 rogatae
1515 3321 1620 3391 erant,

286 3441 369 3504 quae
392 3427 541 3488 senatum
565 3427 599 3485 et
622 3421 748 3503 equites
772 3440 837 3487 una
859 3421 1089 3488 iudicationem
1114 3440 1267 3488 exercere
1290 3421 1448 3488 iuberent.
1491 3420 1563 3506 Quo
1587 3421 1619 3487 in

284 3547 404 3609 genere
427 3527 585 3610 imprimis
609 3528 661 3593 len
686 3528 785 3594 Livia
807 3528 980 3595 iudiciaria
1004 3529 1198 3605 nominanda
1222 3534 1288 3609 est,
1313 3548 1409 3611 quam
1428 3529 1478 3594 M.
1504 3527 1620 3594 Livius

285 3638 415 3702 Drusus
448 3637 600 3701 tribunus
631 3635 734 3717 plebis
767 3655 795 3700 a.
821 3639 861 3702 91
888 3656 916 3702 a.
944 3636 1020 3704 Obr.
1053 3636 1182 3720 tulitzl)
1214 3643 1377 3702 trecentos
1409 3635 1535 3717 equites
1559 3637 1620 3702 Ro-

285 3761 398 3810 manos
425 3742 459 3808 in
489 3749 639 3810 senatum
668 3761 740 3812 esse
768 3743 921 3823 legendas
952 3751 1050 3825 atque
1079 3762 1121 3809 ex
1150 3745 1208 3810 hoc
1238 3750 1356 3810 senatu
1386 3751 1482 3810 aucto
1513 3744 1619 3810 album

286 3881 463 3890 ‚qva—“mm-

395 3920 415 3992 ¹)
434 3923 449 3990 §
463 3921 529 3975 111:
548 3921 571 3975 is
590 3923 666 3991 quasi
684 3940 737 3976 non
755 3923 826 3976 esset
844 3921 989 3976 ullomodo
1003 3921 1139 3977 ferendum
1152 3939 1181 3976 se
1193 3924 1219 3976 in
1233 3923 1330 3977 iudicio
1344 3923 1497 3978 discessisse
1511 3925 1621 3989 victum,

285 4027 342 4063 rem
360 4027 377 4065 a
395 4009 529 4064 subselliis
547 4011 581 4064 ad
599 4015 685 4066 rostra
703 4009 807 4066 detulit.

393 4097 414 4170 ²)
433 4115 594 4169 quamquam
620 4107 755 4155 senatores
779 4103 854 4157 tarde
883 4105 962 4172 atque
991 4103 1025 4156 ad
1048 4103 1164 4172 speciem
1191 4105 1294 4156 tantum
1319 4103 1389 4156 hanc
1415 4119 1471 4155 rem
1494 4103 1619 4172 agebant:

285 4190 350 4244 vide
369 4191 383 4258 ξ
403 4189 463 4244 136.

392 4278 414 4347 ³)
434 4281 449 4348 ξ
467 4279 516 4333 93:
535 4280 695 4349 „accusabat
713 4280 938 4350 tribunusplebis
957 4281 1029 4334 idem
1047 4281 1072 4333 in
1093 4281 1265 4349 cordonibus,
1284 4280 1355 4334 idam
1374 4281 1408 4335 ad
1427 4279 1566 4347 subsellia;
1586 4281 1619 4333 ad

285 4368 413 4422 iudicium
431 4384 483 4422 non
501 4369 579 4422 modo
599 4369 631 4422 de
651 4370 779 4438 contione,
799 4370 945 4424 sedetiam
965 4371 1102 4439 cumipse
1121 4371 1239 4424 contione
1259 4371 1399 4424 veniebat“
1418 4373 1468 4423 etc.

393 4456 414 4527 ⁴)
433 4459 448 4526 ἕ
470 4457 527 4513 130.
549 4458 615 4524 131;
634 4458 687 4514 div.
706 4460 734 4511 iu
753 4459 828 4514 anc.
849 4459 897 4526 243
917 4463 967 4514 act.
987 4459 1008 4527 I,
1028 4462 1042 4526 ᾗ
1061 4458 1111 4526 40;
1131 4459 1163 4527 V,
1183 4460 1200 4528 ξ
1220 4459 1280 4514 173.

393 4546 414 4616 ⁵)
433 4546 460 4598 in
479 4547 554 4602 Verr.
575 4550 625 4601 act.
645 4547 666 4615 1,
686 4551 701 4615 ᾗ
720 4548 762 4602 15.
782 4548 825 4604 38.

394 4635 417 4703 ⁶)
437 4636 584 4704 Drumano,
603 4636 661 4690 Re.
681 4637 714 4704 V,
734 4636 787 4690 263
806 4653 844 4705 sq.

395 4723 416 4794 7)
436 4725 533 4796 Lange,
553 4723 583 4780 a
604 4726 636 4780 A.
656 4725 718 4781 111²
736 4726 779 4782 et.
