3670 5536
570 1441 573 1450 .
645 1361 719 1462 De
757 1393 903 1463 causa
942 1359 1242 1463 Cluentiano.

734 1696 754 1778 l.
792 1697 839 1778 lla
869 1697 991 1780 iudicio
1021 1697 1157 1780 luniaco

892 1875 999 1945 scripsit

753 2029 911 2097 loannes
935 2027 1132 2098 Stdcklein.

389 2259 560 2328 Orationis
572 2279 631 2341 pro
644 2260 686 2327 A.
697 2259 849 2326 Cluentio
862 2261 988 2327 Habito
1004 2280 1090 2328 anno
1105 2281 1134 2327 a.
1152 2261 1229 2328 Chr.
1252 2279 1282 2326 n.
1298 2263 1340 2328 66
1362 2261 1495 2327 habitae
1514 2260 1610 2342 longe

279 2367 452 2434 maximam
476 2371 603 2449 partem
621 2365 735 2434 Cicero
759 2367 793 2433 in
817 2386 854 2433 eo
879 2367 1048 2446 consumit,
1075 2374 1113 2435 ut
1128 2368 1313 2436 Cluentium
1339 2367 1475 2433 crimine
1498 2365 1611 2432 iudicii

277 2476 310 2542 in
334 2475 444 2557 priore
459 2493 558 2540 causa
574 2495 603 2542 a.
622 2477 664 2541 74
680 2476 766 2558 apud
782 2475 817 2542 C.
836 2476 967 2542 Iunium
989 2457 1126 2542 iudicem
1145 2476 1346 2558 quaestionis
1367 2482 1442 2541 acta
1465 2472 1610 2555 corrupti

277 2591 411 2666 purget:
443 2581 623 2649 eratenim
653 2583 794 2648 omnium
817 2583 926 2666 opinio
950 2603 1021 2650 eum
1046 2584 1169 2651 iudices
1194 2593 1262 2650 tum
1286 2582 1479 2664 corrupisse,
1509 2598 1610 2660 eaque

278 2690 461 2772 suspicione
477 2696 647 2757 accusator
664 2709 742 2757 usus
758 2696 841 2771 erat,
866 2699 904 2757 ut
926 2692 1002 2758 iude
1026 2712 1080 2758 reo
1097 2691 1256 2758 invidiam
1272 2691 1437 2757 conflaret.
1478 2688 1552 2773 Qua
1576 2688 1608 2753 in

277 2817 313 2865 re
336 2799 416 2865 illud
440 2797 589 2864 Ciceroni
619 2817 773 2881 prospere
796 2799 931 2876 accidit,
962 2801 1047 2882 quod
1070 2807 1142 2867 octo
1165 2819 1321 2866 annorum
1346 2797 1487 2880 spatium
1512 2794 1609 2861 inter·

276 2907 394 2972 lectum
419 2913 507 2984 erat,
532 2906 580 2972 ita
603 2905 689 2972 enim
711 2906 783 2972 fieri
805 2912 945 2989 poterat,
963 2915 1001 2973 ut
1024 2907 1245 2984 auditoribus
1269 2906 1324 2989 qni
1349 2924 1401 2971 res
1425 2910 1493 2970 tum
1517 2911 1609 2968 aetas

275 3014 440 3079 nonsatis
464 3013 619 3079 memoria
643 3015 809 3094 tenebant,
834 3033 891 3080 eas
913 3035 953 3080 ex
976 3016 1114 3082 arbitrio
1138 3033 1195 3081 suo
1218 3013 1347 3080 fucatas
1363 3019 1398 3079 et
1420 3012 1609 3078 immutatas

252 3116 255 3122 ’
276 3132 471 3203 proponeret
494 3127 605 3202 atque,
638 3123 722 3203 quod
745 3122 815 3205 ipse
839 3128 953 3205 postea
977 3141 1049 3188 sese
1078 3121 1194 3188 fecisse
1217 3120 1379 3205 gloriatus
1403 3125 1455 3185 est
1485 3117 1609 3202 (Quint.

276 3228 354 3294 inst.
379 3247 424 3295 or.
449 3231 484 3308 2,
512 3231 566 3305 17,
591 3231 662 3312 21),
695 3229 857 3296 iudicibus
881 3232 1033 3296 tenebras
1057 3228 1266 3320 offunderet
1296 3229 1341 3293 bt
1364 3245 1442 3314 vero
1468 3222 1609 3290 oratoris

276 3335 606 3418 argumentationem,
639 3356 703 3418 qua
727 3337 912 3404 Cluentium
937 3357 1000 3403 non
1025 3337 1210 3419 corrupisse
1233 3335 1355 3402 iudices
1386 3335 1609 3400 demonstrare

276 3444 400 3520 studet,
435 3461 548 3524 parum
573 3443 723 3510 sufficere
747 3451 781 3509 et
804 3445 1016 3511 Drumnnnus
1040 3444 1161 3525 aliique
1192 3443 1427 3508 intellexerunt
1450 3446 1483 3505 et
1507 3457 1609 3521 nuper

275 3551 431 3617 Bardtius
461 3551 523 3634 (Za
547 3550 679 3618 Ciceros
703 3551 915 3630 Cluentiano,
947 3553 1107 3620 Neuwied
1134 3555 1233 3635 1878)
1263 3550 1305 3616 iis
1329 3568 1412 3631 quae
1436 3548 1550 3616 Cicero
1573 3546 1608 3611 in

275 3657 351 3726 aliis
381 3658 583 3724 orationibus
611 3658 650 3724 de
681 3660 740 3725 hoc
775 3658 894 3725 iudicio
925 3668 1153 3726 commemorat
1187 3658 1344 3725 adhibitis
1379 3664 1445 3722 tam
1481 3654 1608 3737 copiose

276 3784 370 3846 quam
404 3764 573 3831 subtiliter
604 3767 764 3846 exposuit.
822 3767 885 3834 Cui
917 3768 1133 3850 disputationi
1164 3786 1269 3850 pauca
1302 3766 1458 3849 quaedam
1490 3763 1608 3828 addere

275 3872 357 3938 libet
379 3874 420 3939 ab
443 3872 499 3937 illo
523 3890 587 3938 non
611 3874 694 3939 satis
718 3875 760 3940 ad
783 3874 939 3956 liquidum
964 3877 1131 3957 perducta.

386 3981 498 4059 Atque
522 3981 556 4045 in
579 3981 635 4046 illo
659 3980 797 4058 iudicio,
822 3983 874 4048 cui
897 3990 1051 4064 praeerat
1074 3984 1110 4050 O.
1136 3981 1249 4048 Iunius
1272 3981 1371 4046 iudex
1394 3975 1606 4060 quaestionis,

276 4093 447 4168 utrumque
470 4096 504 4153 et
527 4095 668 4154 actorem
693 4089 880 4154 Cluentium
910 4097 944 4155 et
967 4110 1057 4156 reum
1082 4088 1298 4172 Oppianicum
1322 4087 1446 4153 iudices
1470 4082 1607 4166 pecunia

275 4194 457 4276 corrupisse
493 4194 633 4261 dilucide
667 4196 826 4262 Bardtius
861 4197 1109 4264 demonstravit.
1167 4199 1285 4277 Itaque
1320 4194 1437 4260 callido
1472 4189 1607 4257 consilio

276 4302 390 4368 Cicero
422 4302 736 4385 argumentationem
761 4303 809 4370 ita
830 4304 1001 4383 instituit,
1037 4313 1073 4370 ut
1096 4311 1249 4384 quaerat,
1282 4302 1348 4367 utri
1376 4319 1475 4366 causa
1506 4297 1608 4364 fuerit

275 4408 388 4474 iudicii
419 4410 660 4492 corrumpendi,
693 4430 752 4476 nec
781 4417 915 4478 veretur
946 4419 1109 4487 statuere,
1147 4411 1176 4476 si
1206 4411 1319 4476 doceat
1350 4395 1391 4473 ab
1424 4405 1605 4489 Oppianico

275 4522 461 4598 corruptum
486 4535 557 4583 esse
581 4517 745 4598 iudicium,
770 4537 911 4601 purgare
934 4537 969 4584 se
993 4518 1153 4585 Habitum
1182 4523 1216 4600 (ς
1239 4519 1303 4599 64).
1351 4515 1456 4595 Atqui
1479 4512 1607 4578 dedisse

275 4624 443 4706 pecuniam
469 4624 602 4690 Staieno
626 4625 724 4691 iudici
750 4626 963 4707 Oppianicum
993 4625 1090 4692 facile
1114 4630 1186 4692 erat
1209 4624 1249 4689 ad
1273 4622 1488 4704 probandum:
1522 4621 1604 4701 quod

275 4751 346 4798 eum
378 4750 440 4798 non
465 4733 505 4798 ad
537 4734 804 4815 corrumpendum
835 4733 1004 4811 indicium,
1036 4735 1095 4800 sed
1117 4733 1159 4798 ad
1189 4729 1448 4798 conciliationem
1478 4728 1605 4812 gratiae
