3640 5536
340 519 402 593 100
733 521 828 582 Emest
847 524 926 583 sum
946 560 977 568 -
998 523 1090 584 Franc.
1109 529 1163 586 Jos.
1183 525 1267 601 Engel

338 715 458 806 duplici
492 725 656 806 particula
688 731 742 792 καί
781 725 968 810 disiungere
1004 734 1037 793 et
1072 747 1224 810 separare
1259 739 1504 796 consueverunt.
1551 732 1666 814 Neque

337 833 435 898 aliter
459 833 668 910 Aristoteles
694 836 747 914 qui
772 837 922 900 omnibus
948 845 1077 916 praeter
1105 838 1189 902 huuc
1217 856 1313 902 unum
1350 837 1445 912 locis,
1482 839 1514 901 iu
1549 839 1665 918 quibus

336 952 422 1026 κοινη
447 948 481 1006 et
504 946 600 1028 χωρίς
624 941 797 1008 coniuncta
821 949 907 1019 suut,
932 948 986 1008 καί
1008 954 1095 1028 κοινη
1120 949 1173 1008 καί
1196 949 1292 1030 χωρίς
1315 943 1402 1016 dicit,
1431 945 1528 1008 semel
1553 947 1665 1011 ordine

336 1050 467 1116 inverso
490 1054 544 1114 καὶ
567 1053 663 1137 χωρίς
686 1048 816 1114 ἑκάστου
840 1055 893 1114 καί
916 1061 1002 1136 κοινῇ
1034 1063 1101 1120 ταῖς
1132 1053 1264 1116 πόλεσιν.
1312 1049 1432 1117 Oonler
1468 1053 1561 1116 sodes
1601 1054 1663 1118 l’ol.

335 1157 383 1220 HI
406 1157 426 1219 6
450 1173 479 1235 p.
502 1157 599 1220 latai
623 1156 678 1220 24:
712 1157 845 1241 μάλιστα
870 1160 924 1240 μὲν
950 1154 1001 1219 οἷον
1025 1153 1102 1220 τοῦτ’
1127 1153 1188 1220 ἐστι
1212 1159 1299 1226 τέλος
1322 1161 1375 1220 καὶ
1406 1169 1491 1244 κοινη
1516 1172 1590 1224 πάσι
1614 1167 1667 1225 καί

334 1247 438 1349 χωρίς.
485 1262 560 1327 ibid.
587 1263 634 1328 lV
661 1264 702 1326 14
732 1283 759 1343 p.
788 1265 884 1328 129711
908 1265 966 1328 35:
1000 1266 1092 1328 πάλιν
1120 1265 1153 1327 δὲ
1186 1269 1239 1328 καί
1270 1275 1356 1349 κοινῇ
1389 1271 1442 1329 καί
1473 1271 1568 1352 χωρίς
1598 1273 1666 1352 περί

335 1370 468 1458 ἑκάστης
490 1368 626 1458 λέγωμεν
650 1375 720 1455 περί
743 1382 800 1436 τῶν
826 1368 943 1458 ἐφεξῆς.
992 1371 1068 1435 ibid.
1091 1371 1121 1435 V
1151 1375 1162 1433 l
1191 1391 1219 1451 p.
1243 1373 1337 1436 1301*
1362 1375 1417 1437 24:
1443 1373 1543 1438 ἔτιδὲ
1568 1399 1666 1462 σωτη-

335 1478 400 1563 ριάι
423 1484 501 1548 τίνες
527 1482 581 1542 καὶ
611 1488 697 1562 κοινη
728 1483 782 1543 καὶ
813 1469 1076 1564 χωρίςὲκάστης
1105 1476 1260 1544 εἰσίν...
1286 1477 1438 1544 σκεπτὲον.
1487 1481 1563 1546 inid.
1592 1483 1620 1550 V
1646 1486 1664 1548 7

333 1605 363 1666 p.
386 1587 482 1650 1307b
506 1587 563 1650 26:
594 1590 662 1670 περὶ
686 1587 719 1650 δὲ
744 1583 897 1672 σωτηρίας
926 1588 980 1649 καὶ
1009 1595 1095 1668 κοινῇ
1129 1589 1183 1649 καί
1213 1591 1309 1671 χωρίς
1344 1585 1476 1675 ἑκάστης
1511 1592 1667 1660 πολιτείας

334 1693 480 1779 ἐχόμενόν
505 1695 584 1756 ἑστιν
608 1689 710 1756 εἰπεῖν.
758 1690 833 1754 ibid.
861 1689 925 1754 VH
952 1694 966 1754 l
995 1710 1022 1770 p.
1050 1691 1229 1754 1323”40;
1267 1701 1317 1757 ron
1345 1693 1378 1755 δὲ
1408 1689 1584 1758 ὑποκείσθω
1615 1718 1665 1758 το-

332 1811 447 1878 σοῦτον,
474 1799 518 1864 ὅτι
543 1805 609 1883 βίος
632 1803 686 1886 μὲν
711 1797 847 1882 ἄριστος,
875 1802 929 1862 καί
955 1802 1051 1884 χωρίς
1078 1795 1208 1862 ἑκάστοο
1235 1804 1288 1862 καί
1315 1811 1401 1884 κοινῇ
1430 1812 1496 1870 ταῖς
1523 1803 1664 1865 adlecta*

332 1907 496 1972 simillima
530 1924 608 1971 vcro
642 1905 779 1970 elocutio
816 1904 901 1970 redit
936 1903 968 1969 in
1003 1904 1107 1970 Arist.
1153 1903 1333 1993 Ἀθηναίων
1366 1910 1521 1979 πολιτείας
1562 1927 1664 1989 nuper

331 2020 483 2095 repertae
507 2032 574 2094 cap,
591 2014 643 2078 40.
685 2012 845 2078 Omnibus
869 2011 973 2094 igitur
995 2011 1075 2076 locis
1100 2013 1161 2077 duo
1186 2015 1329 2078 membra
1353 2014 1524 2095 particulis
1547 2020 1601 2080 καί
1622 2055 1663 2062 -

331 2124 384 2184 καί
408 2120 494 2184 iuter
517 2138 552 2182 se
576 2118 740 2183 disiuncta
763 2117 863 2183 vides
911 2117 1014 2202 Quam
1040 2119 1173 2182 eandem
1199 2120 1257 2183 hoc
1288 2138 1412 2200 quoque
1441 2121 1510 2186 loco
1536 2121 1664 2186 dicendi

333 2226 490 2292 rationem
516 2225 612 2290 facile
637 2225 807 2302 restitues,
838 2225 867 2290 si
898 2231 974 2289 ante
998 2236 1084 2309 κοινη
1108 2226 1301 2306 particulam
1326 2233 1380 2292 καί
1404 2248 1513 2293 errore
1537 2229 1664 2294 librarii

332 2337 373 2399 ab
397 2334 503 2399 altera
527 2333 640 2399 littera
663 2357 682 2398 κ
706 2335 747 2398 ad
771 2332 907 2399 alteram
931 2356 951 2398 κ
975 2333 1160 2398 aberrantis
1184 2333 1345 2400 excidisse
1370 2342 1505 2401 statues

1266 2497 1303 2561 P.
1327 2497 1444 2561 Eracsl
1468 2499 1573 2563 Stdtr.

442 3089 546 3156 Arist.
570 3088 636 3154 Pol.
662 3087 717 3153 III
743 3090 784 3153 10
807 3108 836 3169 p.
858 3091 954 3153 laer
980 3092 1016 3152 ll
1037 3105 1123 3169 seqq.
1148 3089 1233 3154 Bklr.

442 3216 508 3301 ἑχει
531 3215 556 3279 δ’
581 3213 722 3300 ἀπορίαν,
752 3213 785 3279 τί
809 3216 854 3279 δεῖ
881 3220 914 3280 τὸ
938 3219 1041 3299 κίριον
1065 3213 1142 3281 εἶναι
1165 3227 1220 3302 της
1242 3216 1369 3283 πόλεως.
1416 3211 1436 3299 ἢ
1463 3217 1522 3296 γάρ
1549 3235 1594 3276 τοι
1629 3217 1662 3276 τὸ

329 3325 462 3412 πλῆθος,
486 3321 506 3409 ἢ
530 3325 600 3393 τοὺς
622 3325 794 3400 πλοοσίοος,
820 3321 839 3409 ἢ
863 3327 933 3393 τοὺς
956 3323 1110 3398 ἐπιεικεῖς,
1139 3320 1158 3408 ἢ
1186 3327 1236 3387 τὸν
1265 3324 1417 3405 βέλτιστον
1453 3319 1507 3385 ἑνα
1531 3324 1661 3394 πάντων,

330 3428 349 3516 ἢ
374 3432 576 3514 τίιραννον.
622 3427 706 3493 ἀλλὰ
729 3440 825 3494 ταῦτα
848 3434 948 3493 πάντα
972 3429 1054 3514 ἔχειν
1079 3432 1217 3516 φαίνεται
1242 3426 1417 3493 δυσκολίαν.

442 3537 515 3601 Ηοο
538 3537 607 3601 loco
632 3535 837 3602 offenderunt
862 3539 962 3602 verba
985 3535 1176 3623 ἢτίιραννον.
1208 3535 1356 3616 Namque
1375 3533 1573 3599 Aristoteles
1589 3552 1660 3597 cnm

331 3643 543 3724 sequentibus
568 3643 678 3710 vorbis
702 3645 812 3708 eodem
837 3662 899 3724 quo
924 3663 1024 3724 supra
1048 3661 1127 3708 usus
1151 3647 1203 3707 est
1233 3642 1346 3707 ordine
1378 3641 1525 3722 singulas
1549 3639 1661 3706 civita-

331 3757 399 3815 tum
423 3751 545 3816 formas
568 3751 755 3832 perlustret,
782 3755 818 3816 ut
842 3770 924 3832 quae
948 3750 982 3814 in
1007 3768 1200 3831 unaquaque
1225 3748 1339 3830 politia
1363 3767 1462 3812 causa
1485 3747 1529 3811 sit
1551 3748 1662 3811 δοσκο-
1709 3769 1712 3776 ’

331 3860 401 3928 λίας
424 3859 557 3935 doceat,
594 3857 719 3923 omittit
743 3860 802 3923 hoc
836 3859 870 3922 in
906 3857 1087 3942 tyrannide.
1137 3862 1188 3922 Ac
1218 3856 1295 3922 feeit
1329 3875 1408 3920 sane
1432 3855 1557 3937 quidem
1591 3854 1661 3918 eius
1732 3874 1735 3882 ·

331 3965 525 4031 mentionem
556 3985 586 4031 v.
613 3968 652 4031 21
690 3972 765 4048 post
789 3966 892 4046 ipsam
917 3965 1169 4042 dubitationem,
1202 3983 1298 4045 quam
1331 3964 1370 4028 de
1394 3961 1497 4042 plebis
1521 3961 1660 4025 domina·

332 4072 420 4139 tione
443 4073 561 4151 movit,
587 4074 643 4139 sed
668 4092 748 4152 non,
786 4080 822 4138 ut
857 4073 1122 4155 quemadmodum
1147 4078 1274 4136 ceteras
1306 4088 1386 4149 quas
1418 4075 1494 4132 ante
1519 4066 1658 4130 uomina-

331 4185 427 4246 vorat
455 4179 572 4245 sommi
603 4179 730 4261 imperii
761 4181 899 4255 formas,
932 4180 981 4246 ita
1012 4179 1110 4245 etiam
1136 4177 1341 4261 tyrannidem
1366 4176 1497 4239 doceret
1520 4191 1591 4237 esse
1615 4172 1661 4236 in-

331 4284 452 4351 iustam
477 4288 701 4369 communique
725 4287 826 4352 saluti
851 4287 1076 4369 perniciosam.
1124 4287 1224 4350 Immo
1248 4282 1342 4364 quasi
1373 4282 1578 4361 comprobato
1603 4280 1662 4343 hoe

332 4393 507 4476 tyrannide
530 4403 694 4475 tamquam
724 4394 869 4477 exemplo
902 4395 1024 4472 utitur,
1056 4413 1118 4476 quo
1147 4393 1347 4458 demonstret
1379 4407 1460 4468 quae
1491 4388 1597 4468 plebs,
1633 4385 1661 4450 si

332 4500 480 4582 potentia
504 4510 644 4583 superet,
671 4501 805 4582 sciscat,
838 4520 902 4567 non
932 4502 1041 4567 omnia
1064 4501 1152 4566 iusta
1182 4505 1217 4563 et
1247 4515 1350 4576 aequa
1381 4513 1466 4572 esse;
1501 4494 1659 4558 neminem

332 4606 418 4672 enim
449 4609 632 4675 mehercule
655 4609 762 4675 dicere
795 4628 876 4690 quae
900 4619 1061 4692 tyrannus
1086 4608 1119 4673 vi
1139 4604 1317 4688 pervincat,
1342 4603 1451 4666 eadem
1469 4601 1558 4666 iusta
1574 4619 1660 4679 esse;

333 4731 416 4796 quae
440 4715 468 4779 si
491 4735 554 4780 non
579 4717 661 4795 sint,
687 4736 727 4782 ne
751 4735 789 4782 ea
814 4716 959 4798 quidem,
989 4735 1071 4796 quae
1095 4711 1286 4788 multitudo,
1321 4730 1394 4774 nam
1428 4711 1506 4773 haec
1535 4727 1661 4789 qnoque

333 4823 402 4887 sola
426 4823 572 4903 potentia
595 4824 666 4904 niti,
692 4843 756 4889 non
780 4823 851 4889 iure
874 4833 907 4890 et
931 4823 1073 4889 consilio.
