3670 5536
652 483 736 540 Curae
755 483 861 539 criticae
880 484 906 537 in
925 483 1075 540 Aristotelis
1093 483 1211 540 Politica.
1536 488 1599 552 109

269 683 361 770 Quae
397 684 442 749 sit
477 683 571 771 ἀρετὴ
606 689 840 772 κεχορηγημένη
877 682 903 747 01
937 666 1089 762 quaeres
1121 681 1202 746 nihil
1236 681 1350 747 auxilii
1379 703 1418 747 ex
1448 684 1508 748 boc
1531 682 1601 765 ipso

267 793 350 857 libro
376 793 437 857 tibi
462 793 745 873 suppeditabitur3
777 796 811 856 at
836 790 943 854 omnia
967 796 1082 870 aperta
1105 788 1200 866 fient,
1233 787 1263 852 si
1293 789 1471 854 contuleris
1495 791 1599 856 locum

266 898 344 962 libri
377 897 507 979 septimi
538 919 566 980 p.
595 900 691 963 13242
718 905 730 962 1
768 902 832 982 βίος
865 902 918 983 μὲν
952 897 1095 980 ἄριστος.
1116 946 1123 960 .
1143 947 1149 959 .
1168 947 1199 970 ,.
1226 907 1291 970 ταῖς
1326 900 1448 962 πόλεσιν
1483 895 1498 962 ὁ
1535 899 1598 984 μετ’

267 1004 378 1093 ἀρετῆς
400 1011 653 1092 κεχορηγημένης
677 1003 726 1070 ἐπὶ
749 1015 889 1071 τοσοῦτον
913 1003 989 1068 ὥστε
1014 1009 1151 1091 μετέχειν
1168 1013 1224 1066 τῶν
1240 1001 1308 1067 κατ’
1325 1002 1435 1090 ἀρετὴν
1451 1004 1597 1088 πράξεων.

266 1113 340 1177 Hoc
363 1111 449 1178 enim
474 1114 542 1177 1000
568 1111 767 1177 Aristoteles
799 1113 1002 1176 demonstrat
1039 1111 1142 1186 cives,
1180 1110 1234 1188 qui
1271 1111 1303 1173 in
1335 1112 1432 1175 rebus
1461 1110 1599 1191 publicis

266 1219 419 1300 gerendis
444 1226 628 1302 versentur,
654 1237 716 1298 quo
741 1218 845 1298 magis
872 1217 978 1282 1111υο
1002 1236 1112 1281 eorum
1137 1215 1283 1280 externis
1308 1219 1405 1281 rebus
1436 1216 1600 1282 instructa

267 1332 364 1406 atque
388 1326 502 1391 adiuta
527 1325 588 1401 sit,
621 1344 658 1390 eo
692 1323 824 1390 facilius
858 1324 963 1389 officia
993 1343 1053 1388 sua
1076 1329 1245 1404 praestare
1270 1331 1303 1388 et
1327 1323 1599 1404 praestantiorem

266 1434 495 1515 rempublicam
522 1432 650 1498 01110010
674 1451 780 1513 posse.
827 1433 903 1497 Non
936 1431 1039 1514 igitur
1072 1429 1238 1507 sufficere,
1272 1437 1308 1494 ut
1332 1431 1366 1495 in
1390 1429 1601 1496 aristocratia

266 1549 298 1604 et
323 1540 520 1617 monarchia,
547 1557 627 1619 quas
651 1537 789 1620 optimas
808 1537 1006 1618 reipublicae
1026 1537 1146 1601 formas
1163 1555 1234 1602 esse
1253 1538 1462 1620 philosophus
1486 1547 1520 1602 et
1536 1538 1600 1603 sibi

265 1656 297 1710 et
323 1647 415 1712 nobis
440 1646 615 1728 persuasit,
641 1645 808 1726 praesides
833 1645 981 1712 civitatis
1018 1645 1139 1709 iustum
1177 1653 1210 1710 01
1242 1657 1364 1710 rectum
1397 1652 1505 1711 mente
1529 1663 1598 1709 con-

265 1754 397 1835 cipiant,
424 1755 479 1818 sed
503 1753 584 1818 illud
608 1771 734 1833 quoque
758 1754 911 1817 accedere
936 1759 1096 1833 oportere,
1122 1760 1159 1816 ut
1182 1752 1223 1816 ad
1248 1756 1339 1816 recta
1362 1757 1397 1815 et
1419 1751 1509 1817 iusta
1525 1770 1599 1816 con-

265 1860 340 1926 silia
364 1863 569 1940 exsequenda
602 1860 717 1942 opibus
747 1869 845 1940 atque
877 1859 1074 1924 adiumentis
1109 1858 1304 1924 necessariis
1335 1859 1491 1924 instructi
1522 1857 1597 1923 sint.

264 1969 333 2032 Iam
360 1971 470 2046 babes,
495 1986 590 2048 quam
622 1966 796 2049 intellegas
829 1966 940 2054 ἀρετὴν
973 1966 1227 2054 κεχορηγημένην
1263 1976 1297 2030 01
1332 1965 1410 2045 quid
1445 1965 1599 2047 respiciat

266 2075 407 2155 scriptor
431 2075 465 2138 in
489 2073 545 2139 illo
570 2072 654 2138 unde
678 2075 785 2139 exorsi
811 2092 922 2139 sumus
946 2075 1014 2138 1000
1038 2073 1116 2138 libri
1140 2060 1258 2154 quarti.

376 2190 491 2270 Neque
515 2189 678 2255 refellitur
702 2192 779 2256 baec
803 2198 917 2256 nostra
940 2190 1026 2256 ratio
1051 2209 1097 2266 eo,
1123 2189 1297 2272 quodiam
1320 2190 1353 2255 in
1377 2190 1481 2271 primo
1502 2189 1595 2269 libro,

160 2369 163 2374 ,
264 2297 319 2379 qui
350 2296 462 2378 utique
495 2302 573 2362 ante
603 2295 705 2361 libros
729 2298 799 2365 ViI
830 2305 862 2362 01
890 2297 978 2366 VlH
1014 2297 1191 2362 collocatur
1226 2306 1259 2362 et
1294 2297 1500 2363 collocandus
1537 2303 1601 2374 est,

263 2425 292 2486 p.
313 2405 470 2469 110013
495 2403 589 2491 ἀρετὴ
613 2409 806 2490 τυγχάνουσα
830 2411 981 2492 χορηγίας
1004 2410 1281 2470 commemoratur.
1316 2404 1447 2470 Etenim
1463 2423 1598 2486 prorsus

264 2511 330 2577 alia
354 2513 393 2576 de
417 2530 452 2577 re
477 2512 541 2576 isto
565 2511 634 2576 1000
658 2512 785 2595 agitur,
809 2511 894 2593 quod
918 2518 954 2576 υ1
978 2521 1152 2594 appareat,
1178 2516 1282 2576 toturn
1308 2513 1411 2576 locum
1436 2512 1598 2593 adponere

263 2618 384 2699 placet:
409 2619 503 2684 αἴτιον
527 2619 561 2682 δέ
584 2622 696 2706 ταίυτης
719 2631 773 2707 τῆς
797 2617 1064 2707 ἀμφισβητήσεως,
1088 2623 1142 2684 καὶ
1166 2620 1277 2683 ὃπυιεῖ
1293 2621 1362 2693 τοὺς
1373 2623 1486 2701 λόγους
1501 2617 1598 2685 ἐπαλ-

264 2728 393 2803 λάττειν,
419 2725 464 2791 ὅτι
487 2733 596 2811 τρόπον
620 2731 686 2793 τινὰ
710 2725 803 2814 ἀρετὴ
828 2731 1021 2813 τυγχάνουσα
1050 2733 1201 2814 χορηγίας
1229 2731 1283 2791 καί
1314 2729 1478 2810 βιάζεσθαι
1506 2729 1598 2794 tova-

263 2859 312 2899 ται
337 2837 480 2921 μάλιστα,
504 2840 558 2900 καί
581 2835 659 2899 ’έστιν
692 2833 741 2899 ἀεί
772 2840 804 2900 τὸ
834 2845 963 2920 κρατοῦν
995 2832 1026 2899 ἐν
1061 2831 1198 2920 ὑπεροχῇ
1235 2833 1357 2915 ἀγαθοῦ
1392 2840 1485 2910 τινός,
1521 2831 1597 2898 ὥστε

263 2943 363 3009 δοκεῖν
380 2946 429 3030 μὴ
454 2941 527 3008 ἄνευ
551 2941 662 3030 ἀρετῆς
685 2941 761 3008 εἶναι
785 2947 842 3029 τὴν
863 2946 941 3026 βίαν,
973 2941 1055 3005 ἀλλὰ
1086 2946 1155 3025 περὶ
1187 2952 1239 3006 τοῦ
1263 2943 1383 3006 δικαίου
1407 2947 1498 3028 μόνον
1521 2941 1598 3008 εἶναι

263 3052 316 3135 τὴν
341 3047 577 3137 ἀμφισβήτησιν.
630 3048 792 3114 Nimirum
829 3049 1030 3114 Aristoteles
1065 3066 1137 3113 0001
1174 3049 1395 3130 quaestionem
1431 3048 1595 3126 instituat,

264 3175 340 3220 num
365 3157 485 3222 iustum
511 3157 555 3222 sit
580 3157 725 3220 homines
749 3167 870 3222 natura
894 3156 1089 3222 infirmiores
1113 3158 1154 3220 ab
1185 3154 1251 3232 eis,
1283 3158 1338 3236 qui
1369 3155 1496 3222 viribus
1518 3158 1596 3223 uali-

265 3264 372 3328 diores
397 3265 480 3342 01οί,
512 3264 673 3329 servitute
705 3264 875 3344 oppressos
905 3265 1026 3340 teneri,
1061 3265 1120 3328 hoc
1149 3263 1265 3328 merito
1288 3263 1360 3328 fieri
1384 3264 1595 3340 demonstrat,

264 3370 348 3451 quod
373 3370 517 3436 homines
542 3380 578 3435 ut
602 3369 683 3435 alios
708 3389 786 3436 suae
810 3371 1023 3437 dominationi
1040 3370 1214 3447 subiciant,
1235 3389 1299 3435 non
1324 3371 1427 3435 solum
1452 3371 1595 3452 corporis

263 3477 389 3543 viribus
418 3496 587 3557 rerumque
612 3477 726 3558 opibus
750 3479 942 3558 praevalere
972 3479 1029 3544 sed
1061 3479 1158 3544 etiam
1184 3478 1308 3545 virtute
1338 3479 1492 3544 instructi
1525 3498 1596 3544 esse

263 3585 410 3649 debcant.
459 3585 614 3664 Accedit,
650 3585 733 3665 quod
764 3585 828 3650 isto
860 3587 929 3652 1000
961 3586 1058 3667 primi
1090 3586 1167 3650 libri
1191 3585 1308 3650 similis
1331 3586 1468 3662 locutio,
1502 3587 1595 3672 ἀρετὴ

263 3699 412 3777 χορηγίας
435 3696 637 3777 τυγχάνουσα,
664 3692 746 3757 libro
771 3693 907 3774 septimo
932 3711 1066 3773 prorsus
1089 3694 1210 3768 eadem,
1238 3691 1331 3778 ἀρετὴ
1348 3699 1594 3780 κεχορηγημένη,

265 3800 412 3863 recurrit.
461 3800 585 3864 Nostro
610 3799 713 3881 igitur
737 3800 808 3864 iure
832 3801 989 3865 statuisse
1014 3799 1107 3864 nobis
1132 3800 1280 3866 videmur
1304 3800 1345 3864 ad
1369 3799 1593 3880 explicandam

264 3906 328 3971 1110
354 3904 465 3994 ἀρετῆς
487 3913 743 3994 κεχορηγημένης
766 3909 799 3972 10
824 3907 880 3972 1110
911 3907 988 3972 libri
1018 3908 1128 3987 quarti
1158 3908 1224 3972 1000
1257 3912 1524 3972 commemoratae
1556 3926 1596 3971 cx

263 4031 325 4077 uno
350 4014 487 4094 septimo
512 4013 595 4077 libro
620 4015 703 4079 satis
727 4014 809 4079 lucis
833 4013 953 4080 afferri.

270 4155 276 4167 ·
375 4131 445 4194 iam
471 4127 498 4192 si
524 4129 557 4192 in
581 4129 661 4194 locis
685 4139 805 4195 natura
829 4149 867 4195 ac
890 4151 926 4194 10
949 4129 1139 4212 propinquis
1164 4129 1402 4210 investigandis
1420 4130 1593 4212 pergimus

263 4235 320 4300 alii
345 4235 405 4299 loci
432 4235 509 4299 libri
534 4237 643 4316 quarti
669 4237 761 4301 nobis
786 4256 820 4301 se
844 4235 995 4316 offerunt,
1021 4238 1138 4317 quibus
1156 4237 1352 4300 Aristoteles
1376 4237 1416 4300 ad
1441 4256 1489 4316 ea,
1514 4255 1595 4316 quae

261 4341 295 4407 in
318 4341 403 4406 libro
427 4341 565 4422 septimo
590 4343 629 4406 de
654 4353 814 4424 apparatu
839 4363 951 4408 earum
976 4364 1094 4425 rerum,
1119 4363 1199 4422 quas
1216 4344 1407 4409 civitatibus
1424 4351 1596 4425 suppetere

261 4457 427 4530 oporteat,
454 4450 652 4530 disputavit,
680 4452 841 4530 respicere
866 4451 1006 4514 videtur.
1055 4452 1221 4516 Siciliam
1247 4451 1432 4534 eboregiam
1456 4451 1595 4516 maxime

261 4557 302 4620 ad
338 4555 568 4636 rempublicam
606 4558 684 4620 bene
722 4557 981 4622 constituendam
1019 4559 1234 4623 necessariam
1275 4578 1348 4623 esse
1388 4559 1539 4639 exposuit
1573 4559 1593 4623 l.

160 4659 165 4665 ’
264 4665 290 4729 V
295 4665 330 4728 Π
359 4683 387 4744 p.
417 4664 578 4728 1321131
612 4662 647 4726 ab
678 4667 737 4748 γὰρ
767 4662 829 4729 0101
857 4688 888 4729 τε
921 4668 1073 4729 πολιτείαν
1102 4670 1248 4747 γενέσθαι
1279 4670 1332 4752 τὴν
1364 4665 1489 4749 ἀρίστην
1523 4665 1595 4730 ἄνευ

262 4777 434 4858 συμμέτρου
450 4777 609 4857 χορηγίας,
634 4791 663 4852 p.
683 4774 778 4836 13211ΙΙ
793 4774 815 4836 4
837 4785 878 4858 τῷ
894 4778 1037 4859 πολιτικῷ
1049 4778 1106 4838 οιαὶ
1121 4785 1162 4857 τῷ
1179 4777 1330 4860 νυμοθέτη
1348 4774 1393 4836 δεῖ
1409 4777 1462 4860 τὴν
1479 4771 1605 4838 οἰκείαν.
