3670 5536
631 472 716 526 Curae
736 471 841 525 criticae
860 471 888 524 in
907 470 1058 524 Aristotelis
1077 470 1195 524 Politice.
1508 471 1568 534 107

238 670 313 734 Huc
337 669 478 748 accedit,
515 670 597 750 qrrod
622 687 797 749 pronomen
830 665 921 733 citet
954 667 1114 750 singulari
1147 686 1280 732 numero
1307 667 1447 748 positum
1477 667 1571 732 valde

237 775 379 843 offendit.
395 777 547 857 undequi
567 780 667 840 totam
687 774 882 840 sententiam
901 795 963 838 non
983 773 1253 850 sollicitaverunt,
1270 775 1383 868 saltem
1400 776 1458 839 hoc
1478 771 1570 838 αὑτοῦ

239 885 272 947 in
297 880 400 953 αὐτοῖς
423 888 645 949 (amrexerunt.
694 882 800 947 Multo
825 887 933 946 autem
960 881 1027 947 veri
1061 880 1202 945 similius
1225 880 1359 946 videtur
1389 881 1447 945 illa
1471 883 1572 944 verba

237 993 306 1060 τοὺς
321 994 379 1074 γὰρ
397 1030 437 1038 -
455 995 630 1077 συνάρχους
653 989 790 1071 primum
816 996 980 1069 tamqnam
1004 987 1215 1053 summarium
1238 990 1279 1052 ab
1297 988 1425 1052 homine
1442 987 1570 1052 curioso

239 1096 272 1160 in
296 1097 444 1178 margine
469 1097 605 1170 adiecta,
632 1096 748 1160 deinde
772 1115 791 1161 a
814 1096 950 1162 librario
975 1097 1008 1160 in
1033 1095 1211 1160 orationem
1238 1094 1319 1159 falso
1338 1101 1468 1175 recepta
1485 1113 1570 1176 esse3

239 1222 332 1282 quam
357 1205 396 1267 ob
421 1223 487 1268 rem
513 1222 627 1269 rursus
651 1222 690 1268 ea
714 1202 913 1268 eliminanda
937 1221 1008 1268 esse
1033 1221 1156 1268 censeo.

1159 1348 1296 1414 ‘Herm
1327 1348 1525 1414 Widcmcmr.

350 1755 455 1824 Arist.
484 1757 552 1822 Pol.
582 1757 601 1820 l.
630 1758 660 1822 V
687 1777 712 1821 c.
743 1759 762 1821 3
799 1763 850 1822 ter
873 1757 1033 1823 voeabula
1061 1757 1163 1843 ἀρχάς
1192 1763 1244 1822 καὶ
1269 1756 1369 1828 αἰτίοις
1399 1757 1573 1822 coniuncta

237 1864 387 1929 exhibet:
412 1884 441 1945 ρ.
463 1867 559 1929 1302ῐι
586 1867 624 1930 18
659 1863 725 1930 ἐπεὶ
749 1865 782 1928 δὲ
807 1875 978 1951 σκοποῦμεν
1011 1865 1047 1928 έκ
1070 1870 1155 1930 τίνων
1182 1863 1270 1929 αἵτε
1295 1869 1417 1934 στάσεις
1440 1870 1572 1946 γίνονται

237 1978 291 2052 καὶ
314 1969 345 2035 αἱ
371 1973 540 2056 μεταβολαὶ
564 1978 631 2058 περὶ
655 1977 711 2043 τὰς
733 1971 899 2048 πολιτείας,
924 1973 1055 2058 ληπτέον
1079 1975 1220 2037 καθόλου
1244 1983 1361 2055 πρῶτον
1392 1975 1447 2040 τὰς
1470 1969 1573 2056 ἀρχάς

238 2085 291 2143 καὶ
314 2083 370 2152 τὰς
393 2077 492 2149 αἰτίας
516 2077 629 2158 αὐτῶν,
659 2100 679 2160 μ
710 2080 806 2143 1302“
830 2081 873 2143 35
903 2077 935 2142 αἱ
959 2077 985 2142 δ’
1010 2078 1102 2144 αἰτίαι
1131 2085 1184 2144 καὶ
1213 2077 1310 2164 ἀρχαὶ
1332 2090 1389 2142 τῶν
1413 2084 1570 2165 κινήσεων,

237 2183 311 2250 ὅθεν
337 2185 421 2250 ciret
444 2171 475 2249 τε
501 2187 686 2251 διατίθενται
718 2190 767 2252 τὸν
792 2184 949 2274 εἰρημένον
980 2193 1088 2271 τρόπον
1119 2191 1173 2251 καὶ
1204 2192 1273 2271 περὶ
1300 2197 1358 2251 τῶν
1386 2183 1571 2271 λεχθέντων,

238 2292 299 2356 ἐ’στι
335 2297 388 2377 μὲν
422 2291 464 2366 ὡς
498 2299 547 2358 τὸν
584 2293 716 2379 ἀριθμὸν
753 2293 829 2358 ἑπτὰ
860 2299 1059 2380 τυγχάνουσιν
1089 2293 1193 2372 οὖσαι,
1226 2294 1288 2358 ἔστι
1319 2291 1345 2356 δ’
1369 2291 1411 2363 ὡς
1440 2297 1571 2370 πλείους,

237 2419 266 2478 μ.
289 2401 386 2464 13041’
402 2404 422 2464 o
447 2404 587 2464 καθόλου
613 2405 667 2486 μέν
692 2399 743 2466 οὖν
768 2408 835 2486 περὶ
859 2407 962 2476 πάσας
985 2407 1040 2476 τὰς
1062 2405 1218 2474 πολιτείας
1241 2397 1273 2465 αἱ
1297 2399 1462 2486 ἀρχαὶκαὶ
1479 2398 1572 2465 αἰτίαι

237 2517 293 2570 τῶν
318 2511 454 2571 στάσεων
477 2513 531 2571 καὶ
554 2519 611 2571 τῶν
636 2511 814 2593 μεταβολῶν
839 2520 940 2574 τοῦτον
965 2510 1070 2595 ἐ’χοοσι
1093 2515 1142 2575 τὸν
1166 2515 1284 2594 τρόπον.

349 2615 388 2678 In
414 2615 538 2678 duobus
563 2614 726 2694 prioribus
750 2615 830 2680 locis
847 2635 956 2681 omues
974 2616 1099 2682 codices
1116 2624 1150 2682 et
1166 2616 1326 2681 editiones
1343 2615 1570 2692 consentiunt3

238 2720 269 2783 in
293 2720 391 2784 tertio
421 2721 488 2785 loeo
512 2722 621 2786 Paris.
655 2723 739 2786 alter
767 2722 834 2804 (H2)
857 2724 969 2789 addito
998 2723 1129 2803 utrique
1159 2724 1281 2789 nomini
1313 2722 1452 2788 articulo
1483 2741 1571 2804 prae·

237 2829 292 2891 bet
316 2826 348 2891 αἱ
372 2826 468 2915 ἀρχαὶ
491 2834 545 2893 καὶ
568 2827 601 2893 αἱ
625 2827 737 2907 αἰτίαι,
776 2831 876 2894 Paris.
904 2831 1028 2912 primus
1053 2829 1124 2918 (ΠΙ)
1157 2832 1261 2896 altero
1285 2831 1423 2895 articulo
1449 2829 1570 2894 omisso

238 2933 270 2997 αἱ
294 2933 469 3020 ἀρχαὶκαὶ
493 2935 605 3012 αἰτίαι,
643 2936 784 3002 editores
814 2938 1042 3003 auctoritatem
1068 2938 1187 3004 codicis
1214 2938 1317 3002 Paris.
1344 2937 1441 3018 primi
1465 2938 1571 3002 secuti

237 3050 314 3106 sunt
339 3062 475 3108 omnes..
505 3043 607 3125 Agite
633 3063 710 3108 vero
735 3045 973 3124 examinemus,
1002 3055 1077 3110 utra
1100 3045 1197 3110 lectio
1222 3044 1340 3110 iustior
1364 3044 1407 3108 sit
1433 3052 1467 3109 et
1490 3063 1572 3124 quae

238 3149 289 3214 ris
322 3152 364 3214 sit
397 3149 531 3214 articuli
556 3151 605 3215 bis
629 3151 735 3233 positi.
784 3152 895 3232 Atque
924 3153 1027 3233 primo
1057 3157 1090 3217 et
1120 3151 1219 3216 tertio
1253 3153 1323 3218 loco
1346 3152 1570 3233 philosophum

236 3264 328 3338 patet
346 3275 456 3321 omnes
473 3275 589 3322 causas
607 3261 776 3326 turbarum
793 3266 826 3323 et
846 3258 1040 3325 seditionum
1062 3261 1360 3340 comprehendisse
1387 3261 1445 3324 has
1463 3267 1570 3324 autem

237 3372 304 3428 tres
329 3385 399 3428 esse
423 3365 520 3438 dicit,
557 3371 590 3429 et
614 3385 676 3445 quo
701 3366 793 3432 modo
817 3365 926 3431 affecti
951 3367 1095 3431 homines
1120 3373 1226 3432 motus
1251 3375 1382 3447 parent,
1422 3373 1455 3431 et
1478 3385 1570 3447 quem

236 3471 330 3536 finem
356 3470 386 3534 iu
414 3471 631 3556 seditionibus
656 3473 815 3538 iaciendis
840 3481 1022 3553 sectentur,
1056 3475 1190 3555 etquid
1215 3474 1262 3539 rei
1286 3479 1439 3555 provocet
1464 3479 1497 3538 et
1520 3492 1572 3537 ex·

236 3579 316 3643 citet
346 3578 538 3657 seditiones
573 3581 626 3647 vel
650 3586 687 3645 ut
711 3580 899 3646 notionibus
924 3600 1009 3647 nunc
1032 3601 1052 3646 a
1076 3582 1275 3663 philosophis
1306 3581 1471 3662 usurpatis
1503 3587 1570 3645 uta·

236 3704 322 3760 mur,
362 3706 492 3751 causam
528 3688 708 3766 internam,
738 3707 868 3753 causam
904 3688 1049 3764 finalem,
1086 3707 1217 3754 causam
1246 3689 1421 3754 motricem.
1469 3688 1571 3752 Immo

236 3791 339 3872 ipsura
379 3794 601 3875 philosophum
643 3794 814 3860 audiamus
862 3797 912 3859 his
952 3797 991 3860 de
1030 3796 1136 3860 tribus
1184 3796 1359 3878 generibus
1399 3813 1571 3859 causarum

237 3897 449 3964 disserentem
496 3921 525 3981 p.
570 3903 666 3966 130221
695 3904 731 3966 18
779 3900 836 3967 eici
875 3903 908 3966 δέ
948 3904 1057 3989 σχεδὸν
1104 3915 1183 3987 τρεῖς
1228 3907 1278 3967 τόν
1326 3901 1478 3987 ἀριθμόν,
1535 3902 1572 3975 ἃς

236 4006 400 4089 διοριστέον
434 4009 510 4072 καθ’
549 4005 644 4080 αθτόις
679 4012 761 4092 τόπῳ
798 4020 923 4092 πρῶτον.
961 4010 1007 4073 δεῖ
1040 4014 1099 4095 γὰρ
1135 4013 1242 4094 λαβεῖν
1282 4021 1346 4079 πῶς
1383 4033 1414 4072 τε
1448 4009 1573 4094 ἔχοντες

236 4117 431 4186 στασιάζουσι
455 4119 508 4178 καὶ
532 4115 617 4179 τίνων
647 4115 766 4199 ἕνεκεν,
798 4121 852 4180 καὶ
875 4121 971 4200 τρίτον
1001 4122 1078 4191 τίνες
1103 4116 1200 4204 ἀρχαὶ
1230 4122 1362 4198 γίνονται
1391 4127 1449 4178 τῶν
1483 4117 1571 4180 πολι-

235 4232 324 4286 τικῶν
348 4234 494 4308 ταραχῶν
517 4227 571 4286 καὶ
594 4235 651 4287 τῶν
677 4229 751 4307 πρός
775 4221 932 4309 ἀλλήλους
961 4229 1105 4289 στάσεων.
1151 4230 1291 4288 Prorsus
1323 4222 1389 4286 alia
1420 4230 1471 4288 est
1500 4242 1570 4286 con-

236 4326 319 4390 dicio
344 4329 439 4391 medii
463 4329 524 4394 loci
552 4332 761 4409 p.1302r35;
788 4329 839 4392 hic
863 4329 948 4393 enim
964 4330 1163 4396 Aristoteles
1189 4350 1250 4395 uno
1267 4331 1307 4395 de
1331 4331 1435 4394 altero
1451 4348 1571 4411 genere

236 4452 407 4498 causarum
440 4435 519 4499 dicit
550 4440 584 4500 et
613 4455 676 4516 qua
707 4443 758 4501 est
788 4436 995 4518 neglegentia
1028 4439 1065 4513 in⁴
1086 4439 1234 4503 oratione
1265 4438 1430 4502 fundenda
1454 4436 1567 4501 iisdem

237 4542 403 4606 vocabulis
427 4542 529 4630 αἰτιμν
553 4549 608 4607 καὶ
632 4542 737 4630 ἀρχῶν
763 4543 868 4607 utitur
892 4545 932 4608 ad
950 4544 1061 4610 uarias
1087 4564 1139 4609 res
1163 4544 1280 4624 quibus
1305 4543 1482 4609 seditiones
1506 4562 1567 4608 mo·

238 4657 377 4714 veantur
400 4659 434 4714 et
457 4657 676 4731 provocentur
699 4650 941 4732 significandas.
980 4652 1116 4717 Atride
1133 4671 1172 4716 ne
1190 4651 1276 4716 iusto
1294 4650 1569 4734 neglegentiorem

236 4755 296 4820 tibi
323 4755 429 4840 fingas
455 4757 688 4840 Aristotelem3
714 4757 742 4821 is
772 4757 874 4841 enim,
906 4757 934 4823 si
966 4757 1152 4824 accuratius
1183 4759 1253 4824 eius
1282 4760 1385 4823 verba
1408 4759 1570 4830 attendas
