3670 5536
289 495 351 560 112
881 490 911 549 G.
931 491 1016 565 Vogel
1087 559 1088 562 Ἴ

288 691 450 757 cassanias
474 709 547 756 esse
570 689 665 755 libris
690 690 827 772 septimo
852 699 884 757 et
908 698 1023 760 octavo
1047 675 1258 774 explanavit,¹
1274 692 1334 756 bac
1358 691 1506 758 oratione
1528 693 1622 774 quasi

286 797 419 880 colligat
449 802 546 878 atque
577 796 722 863 breviter
753 798 996 880 complectatur.
1046 800 1094 864 ae
1125 817 1206 864 vera
1236 804 1344 864 autem
1376 799 1466 864 illum
1496 801 1620 865 duobus

285 905 361 972 istis
385 903 478 968 libris
502 911 537 969 et
559 905 600 969 de
623 904 763 980 virtute,
798 924 881 985 quae
905 907 1079 972 idiotarum
1104 912 1231 988 captum
1257 914 1405 987 superet,
1431 907 1527 972 etde
1552 926 1621 972 eru-

286 1012 419 1090 ditione,
445 1029 528 1091 quac
552 1018 691 1077 naturae
715 1013 951 1093 praestantiam
977 1013 1190 1093 fortunaeque
1206 1012 1428 1078 adiumentum
1452 1012 1573 1096 exigat,
1588 1024 1621 1078 et

285 1121 325 1184 de
348 1119 497 1184 omnibus
522 1118 569 1182 eis
594 1121 707 1196 rebus,
733 1103 855 1201 quibus¹
875 1120 996 1201 optima
1021 1120 1217 1201 reipublicae
1241 1119 1345 1186 forma
1369 1120 1508 1185 maxime
1532 1130 1619 1203 opta-

285 1227 360 1292 bilis
384 1225 451 1303 fiat,
478 1244 657 1291 sermonem
681 1225 807 1305 fecisse,
833 1226 928 1292 facile
952 1228 1045 1293 nobis
1070 1227 1134 1292 erit
1157 1228 1198 1292 ad
1222 1226 1475 1293 edisserendum.

401 1337 510 1413 Atque
533 1352 616 1413 quae
640 1332 860 1415 intellegenda
891 1334 937 1398 sit
960 1333 1054 1421 ἀρετὴ
1078 1331 1153 1418 saep
1178 1337 1247 1408 τοὺς
1269 1333 1407 1410 ἰδιώτας,
1439 1353 1479 1398 ex
1509 1333 1621 1416 priori-

286 1444 345 1506 bus
370 1440 533 1522 capitibus
562 1439 639 1505 libri
663 1439 793 1522 septimi
818 1448 968 1521 apertum
991 1442 1047 1517 fit,
1083 1440 1199 1521 quibus
1224 1441 1422 1507 Aristoteles
1447 1459 1511 1505 non
1536 1441 1618 1506 satis

286 1568 358 1614 esse
382 1549 492 1626 docet,
530 1556 567 1613 ut
591 1548 680 1614 cives
704 1549 844 1629 optimae
868 1548 1016 1614 civitatis
1048 1567 1137 1614 more
1161 1548 1422 1629 philosophorum
1447 1555 1480 1611 et
1504 1547 1617 1612 idiota-

287 1677 366 1735 rum,
391 1674 471 1738 quos
496 1656 622 1736 quidem
648 1655 707 1730 eis,
733 1656 786 1736 qui
811 1655 852 1719 ad
876 1654 1107 1736 rempublicam
1131 1654 1425 1720 administrandam
1449 1655 1617 1738 accedant,

285 1762 463 1845 opponit,¹)
496 1763 597 1826 vitam
624 1762 826 1843 transigant,
863 1764 919 1826 sed
945 1761 978 1826 in
1004 1764 1101 1827 rebus
1132 1760 1271 1843 publicis
1306 1761 1443 1840 impigre
1467 1761 1619 1842 gerendis

284 1879 459 1936 versentur
481 1876 515 1934 et
538 1887 617 1933 suae
632 1867 768 1934 virtutis
792 1867 959 1932 luculenta
976 1869 1168 1934 documenta
1190 1868 1296 1933 edant.
1345 1866 1490 1931 Eandem
1508 1873 1616 1932 autem

285 1976 539 2057 disputationem
557 1978 660 2040 denuo
679 1974 816 2056 suscipit
841 1974 874 2039 in
899 1976 1005 2056 capite
1024 1976 1210 2042 duodecimo
1235 1973 1378 2040 eiusdem
1395 1973 1481 2052 libri,
1508 1975 1562 2038 ubi
1580 1975 1620 2038 de

284 2084 412 2150 civibus
436 2083 576 2165 optimae
601 2081 808 2163 reipublicae,
834 2100 898 2162 qua
915 2099 951 2146 re
968 2082 1075 2149 virtus
1100 2102 1210 2148 eorum
1227 2079 1444 2155 contineatur,
1471 2088 1506 2146 et
1521 2083 1616 2161 quale

284 2190 451 2272 ingenium
475 2209 583 2254 eorum
609 2208 681 2252 esse
705 2189 899 2270 oporteat,²)
925 2190 1086 2255 uberrime
1111 2189 1267 2270 disputat.
1317 2186 1406 2253 Ordo
1431 2186 1531 2252 etiam
1556 2187 1617 2251 dis-

286 2297 464 2377 putationis
489 2296 543 2376 qui
568 2301 700 2360 notetur
724 2295 841 2377 dignus
864 2303 928 2376 est;
954 2303 990 2362 ut
1014 2297 1097 2362 enim
1121 2297 1198 2362 libri
1222 2294 1332 2377 quarti
1354 2313 1391 2358 eo
1408 2312 1500 2374 quem
1520 2294 1618 2359 inter·

287 2414 453 2485 pretamur
476 2404 545 2467 loco
568 2403 704 2483 primum
730 2401 841 2489 ἀρετην
866 2407 920 2489 τὴν
944 2401 1018 2488 ὑπὲρ
1042 2408 1112 2478 τοὺς
1134 2403 1266 2480 ἰδιώτας,
1293 2401 1410 2466 deinde
1434 2403 1573 2466 παιδείαν
1598 2403 1617 2488 ἢ

285 2515 404 2599 picea<
427 2513 523 2575 δεῖται
546 2514 600 2573 καὶ
623 2514 774 2597 χορηγίας
797 2521 935 2596 τυχηρᾶς
958 2519 1200 2589 commemorat,
1239 2511 1285 2574 sic
1317 2512 1349 2573 in
1380 2509 1463 2574 libro
1493 2528 1618 2589 quoqne

284 2620 420 2699 septimo
453 2637 473 2681 a
499 2617 622 2682 virtute
646 2616 778 2696 politica
810 2635 904 2680 orsus
932 2617 973 2682 ad
997 2618 1218 2696 quaestionem
1249 2617 1287 2680 de
1311 2615 1502 2680 educatione
1526 2635 1616 2679 excu·

286 2725 427 2790 tiendanr
454 2722 576 2788 transit
601 2743 628 2804 p.
659 2725 754 2788 1332*
772 2725 814 2788 39
844 2722 927 2792 ἀλλὰ
951 2729 1009 2811 μην
1035 2723 1149 2807 ἀγαθοί
1172 2749 1206 2806 γε
1229 2729 1283 2789 aod
1307 2725 1467 2787 σπουδαῖοι
1486 2727 1617 2803 γίνονται

285 2835 335 2896 διὰ
359 2843 456 2917 τριῶν.

398 2940 546 3004 Alteram
573 2940 655 3003 hanc
679 2939 910 3017 quaestionem,
936 2958 1018 3019 quae
1042 2945 1093 3003 cst
1117 2941 1155 3002 de
1185 2939 1308 3004 παιδεία
1335 2939 1355 3025 ἢ
1380 2941 1500 3026 φόσεως
1522 2937 1618 3000 δεῖται

284 3053 337 3113 καί
360 3054 511 3134 χορηγίας
535 3058 686 3133 τυχηρᾶς,
713 3047 745 3110 in
771 3047 853 3111 libro
876 3047 1015 3124 septimo
1048 3045 1208 3111 uberrime
1238 3054 1336 3128 atque
1368 3044 1617 3126 diligentissime

286 3158 326 3220 ab
353 3154 534 3220 Aristotele
559 3164 793 3234 pertractatam
828 3173 899 3220 esse
931 3153 1015 3221 satis
1045 3154 1133 3218 inter
1161 3172 1271 3218 omnes
1295 3163 1432 3220 constat.
1482 3151 1555 3235 Qua
1579 3153 1617 3214 dc

285 3281 394 3327 causa·
423 3269 491 3326 tres
529 3261 616 3325 locos
656 3267 820 3341 tamquam
858 3267 961 3326 testes
1000 3261 1177 3343 locupletes
1216 3260 1335 3325 afferre
1377 3262 1459 3324 satis
1495 3261 1615 3322 habeo:

286 3391 313 3452 p.
334 3371 430 3434 13321ι
454 3371 495 3434 39
529 3366 612 3433 ἀλλὰ
642 3372 700 3456 μην
732 3368 846 3450 όιγαδοί
877 3393 910 3447 γε
942 3375 995 3434 καὶ
1026 3369 1185 3433 σπουδαῖοι
1215 3377 1346 3450 γίνονται
1376 3368 1426 3430 διὰ
1450 3379 1554 3451 τριῶν·
1579 3368 1616 3428 τὰ

285 3485 354 3561 τρία
378 3477 411 3539 δὲ
435 3477 518 3540 ταυτ’
543 3477 605 3540 ἐστι
629 3479 717 3563 ρόσις
739 3477 813 3550 ἕδος
836 3481 941 3557 λόγος,
972 3496 1001 3556 p.
1025 3478 1119 3540 1332¹¹
1139 3479 1178 3540 10
1202 3481 1235 3539 τό
1259 3476 1292 3538 δὲ
1317 3477 1421 3539 λοιπὸν
1446 3475 1533 3559 ἔργον
1556 3472 1616 3560 ἤδη

285 3585 441 3657 παιδείας·
467 3588 505 3647 τόι
530 3588 582 3669 μὲν
607 3587 665 3668 γὰρ
690 3584 862 3669 ἐθιζόμενοι
888 3586 1098 3670 μανθάνουσι,
1123 3585 1211 3646 τὰδ’
1237 3581 1409 3658 ἀνιοόοντες,
1433 3600 1462 3661 p.
1483 3581 1616 3644 1334r6

284 3695 472 3776 τυγχάνομεν
497 3692 534 3777 δὴ
559 3693 737 3778 διηρημὲνοι
761 3697 905 3774 πρότερον
936 3688 980 3754 ὅτι
1011 3694 1130 3777 μίσεος
1158 3695 1212 3754 καὶ
1240 3690 1333 3762 ἔθους
1363 3694 1416 3753 καὶ
1445 3691 1537 3769 λόγου
1561 3687 1614 3748 δεῖ.

285 3799 350 3862 His
374 3799 454 3862 locis
479 3799 562 3879 quod
582 3797 780 3862 Aristoteles
805 3811 872 3862 tres
898 3817 949 3863 res
973 3801 1014 3862 ad
1031 3799 1244 3861 eruditionem
1272 3796 1391 3860 civium
1414 3794 1617 3860 necessarias

285 3923 357 3970 esse
381 3905 562 3983 existimat,
589 3912 757 3982 naturam,
783 3904 1066 3983 consuetudinem,
1093 3906 1267 3984 rationem,
1289 3901 1398 3982 quarti
1415 3908 1523 3967 autem
1540 3898 1617 3964 libri

285 4012 391 4093 capite
415 4032 499 4077 nono
523 4031 581 4094 pro
607 4012 657 4078 bis
682 4014 789 4076 tribus
813 4016 910 4078 rebus
935 4015 1030 4091 duaS,
1064 4022 1215 4076 naturam
1247 4021 1278 4074 et
1309 4011 1531 4075 adiumentum
1555 4007 1616 4072 for·

285 4129 401 4198 tunae,
428 4119 576 4197 adhibet,
602 4122 661 4185 hoc
685 4121 733 4185 ita
756 4122 909 4202 explico,
924 4130 960 4185 ut
984 4120 1205 4185 adiumentum
1229 4121 1398 4200 fortunae,
1428 4117 1490 4181 etsi
1516 4114 1615 4180 etiam

284 4245 337 4290 res
362 4238 480 4290 natura
507 4227 688 4291 bominibus
713 4228 844 4292 innatas
870 4229 1044 4301 contineat,
1071 4235 1179 4292 tamen
1204 4225 1353 4306 inprimis
1383 4226 1424 4289 ad
1448 4231 1615 4288 consuetu-

393 4440 412 4510 l)
431 4440 504 4496 Conf.
524 4458 548 4510 p.
561 4441 642 4494 1324Ιι
659 4442 694 4496 26
712 4445 738 4495 et
758 4443 839 4497 13242
855 4444 889 4497 41
909 4443 987 4514 μόνον
1006 4445 1058 4514 γὰρ
1078 4441 1172 4514 ἀνδρὸς
1192 4442 1234 4492 τὀν
1253 4439 1395 4511 πραιιτιιιδν
1414 4430 1479 4488 εἶναι
1494 4434 1550 4503 βίον
1568 4435 1616 4486 aad

284 4528 435 4581 πολιτικόν·
462 4529 502 4600 ἐφ’
523 4530 640 4603 ἑκάστης
658 4534 711 4602 γὰρ
731 4531 830 4604 ἀρετῆς
851 4531 898 4583 οὐκ
918 4528 984 4584 εἶναι
1004 4533 1112 4604 πράξεις
1132 4531 1235 4603 μᾶλλον
1255 4536 1309 4590 τοῖς
1329 4527 1447 4589 ἰδιώταις
1466 4525 1487 4597 ἢ
1507 4532 1561 4586 τοῖς
1582 4527 1614 4575 τὰ

284 4622 359 4671 νοινόι
378 4619 518 4690 πράττουσι
538 4621 586 4670 παί
605 4619 823 4693 πολιτευομένοις.

392 4709 413 4778 ²¹)
433 4709 507 4764 Conf.
536 4727 561 4778 p.
583 4711 663 4763 13322
680 4711 714 4764 32
743 4710 816 4762 ἀλλὰ
836 4713 890 4784 μὴν
911 4710 1041 4764 σπουδαία
1060 4731 1091 4783 γε
1111 4709 1187 4772 πόλις
1211 4709 1265 4761 ἐστὶ
1291 4717 1328 4780 τῷ
1347 4707 1407 4769 τοὺς
1425 4701 1536 4765 πολίτας
1555 4703 1615 4764 τοὺς

284 4798 444 4873 μετέχοντας
464 4805 513 4870 τῆς
532 4797 668 4862 πολιτείας
689 4795 755 4851 εἷναι
776 4799 942 4862 σπουδαίους.
