3670 5536
405 443 477 504 Num
498 443 639 505 Cluentius
658 447 691 503 de
710 444 819 503 crimine
838 443 929 504 indicii
948 445 1064 516 corrupti
1084 464 1191 505 causam
1211 445 1316 507 dixerit.
1465 449 1534 516 205.

303 650 336 729 (ξ
362 649 437 728 143)
494 647 612 726 „Nunc
647 647 797 728 quoniam
826 649 867 714 ad
902 641 1024 714 omnia
1047 665 1130 730 quae
1164 649 1284 714 abste
1320 647 1409 714 dicta
1443 654 1530 724 sunt,

193 753 231 819 Τ.
257 753 348 831 Α111,
374 754 413 819 de
437 754 611 836 Oppianici
636 754 844 820 damnatione
867 755 1031 838 respondi,
1055 753 1232 820 confiteare
1256 773 1388 821 necesse
1410 761 1472 832 est,
1497 760 1531 819 te

193 860 376 942 opinionem
400 862 537 928 multum
560 860 732 940 fefellisse,
764 863 848 943 quod
872 861 1073 928 existimaris
1098 881 1148 927 me
1176 864 1371 931 1111111111.
1397 861 1530 928 Cluenti

193 987 256 1035 non
280 969 367 1035 facto
391 969 471 1049 eius,
495 971 552 1036 sed
576 970 647 1052 lege
670 967 887 1037 defensurum.
928 971 1014 1037 Nam
1031 971 1091 1036 hoc
1114 987 1269 1051 persaepe
1294 968 1379 1034 dixti
1402 969 1465 1036 tibi
1482 969 1531 1035 sic

193 1075 387 1155 renuntiari,
412 1095 462 1142 me
486 1078 606 1143 habere
622 1076 657 1142 in
681 1075 789 1142 auimo
813 1097 944 1144 causam
961 1079 1046 1144 hanc
1068 1076 1241 1160 praesidio
1257 1076 1340 1160 legis
1356 1077 1530 1144 defendere

193 1235 278 1251 ....
304 1182 462 1269 Quisnam
483 1185 542 1250 hoe
566 1184 628 1250 tibi
653 1184 882 1254 renuntiavit?
908 1237 970 1253 ...
994 1185 1159 1253 Nimirum
1183 1184 1246 1250 tibi
1270 1184 1358 1250 istud
1381 1184 1436 1250 lex
1459 1185 1531 1266 ipsa

163 1361 166 1374 ¹
193 1290 431 1359 renuntiavit‘·

304 1399 345 1464 In
362 1398 473 1464 eedem
490 1397 651 1465 orationis
673 1406 766 1481 parte
783 1419 822 1464 ea
838 1418 963 1481 quoque
980 1399 1018 1467 Τ.
1036 1399 1173 1466 Accium
1198 1399 1321 1466 dixisse
1337 1398 1529 1480 existimem,

191 1505 308 1586 quibus
333 1506 418 1572 huno
441 1505 475 1570 in
499 1506 627 1572 modum
652 1506 768 1573 Cicero
792 1507 984 1589 respondet:

302 1616 337 1700 (ξ
363 1613 438 1700 145)
497 1615 633 1695 „Neque
663 1634 712 1680 me
741 1615 800 1680 illa
829 1614 935 1681 oratio
966 1621 1161 1695 commovet,
1207 1615 1291 1696 quod
1326 1613 1376 1680 ait
1407 1614 1529 1681 Accius

189 1721 358 1804 indignum
393 1740 465 1787 esse
494 1721 636 1802 facinus,
680 1721 710 1788 si
745 1730 878 1788 senator
907 1721 1028 1788 iudicio
1055 1721 1235 1804 quempiam
1265 1721 1527 1802 circumvenerit,

189 1829 318 1912 legibus
343 1848 415 1894 cum
440 1829 561 1895 teneri:
588 1831 616 1895 si
640 1847 738 1912 eques
763 1819 929 1895 Romanus
953 1831 1012 1896 hoc
1036 1829 1120 1896 idem
1145 1829 1270 1907 fecerit,
1296 1848 1360 1894 non
1384 1829 1529 1912 teneri;“

189 1955 273 2018 quae
289 1942 324 2002 et
340 1942 533 2018 repetuntur
547 1937 570 2024 ξ
586 1939 648 2003 ibo
665 1938 833 2021 „iniquum
851 1937 911 2003 tibi
927 1937 1068 2022 videtur,
1085 1937 1122 2003 Τ.
1135 1939 1226 2016 Acci,
1245 1957 1316 2004 esse
1333 1956 1397 2004 non
1414 1936 1528 2003 iisdem

188 2043 317 2126 legibus
347 2062 457 2110 omnes
487 2045 615 2111 1111111ι
640 2050 674 2110 11
702 2047 927 2128 depravantur
950 2049 970 2127 ξ
996 2047 1060 2112 156
1090 2044 1182 2128 „agit
1209 2044 1295 2111 enim
1318 2045 1367 2110 sic
1398 2062 1528 2110 causam

189 2153 226 2216 Τ.
259 2151 382 2218 Accius
412 2152 600 2218 adolescens
631 2154 733 2219 bonus
763 2160 797 2219 et
828 2154 972 2220 disertus
1003 2171 1113 2219 omnes
1143 2152 1232 2220 cives
1263 2152 1391 2235 legibus
1421 2151 1528 2218 teneri

188 2257 372 2325 omuibus“

302 2365 489 2432 Cluentium
515 2366 618 2450 igitur
634 2367 778 2448 equitem
794 2369 975 2435 Romanum
992 2369 1053 2434 hac
1074 2367 1145 2450 lege
1163 2367 1318 2434 Cornelia
1332 2385 1396 2433 non
1419 2366 1527 2433 teneri

187 2478 410 2540 accusatorem
450 2472 582 2539 minime
620 2475 715 2557 fugit.
772 2477 840 2540 Iam
877 2476 905 2540 si
941 2475 1058 2570 Bardti
1106 2473 1304 2540 sententiam
1344 2492 1527 2556 sequamur,

187 2599 346 2662 quaerere
369 2598 502 2647 necesse
526 2586 587 2658 est,
612 2601 771 2664 quaenam
795 2601 895 2648 causa
919 2581 1021 2647 Accio
1044 2581 1147 2647 fuerit
1169 2582 1265 2647 huius
1289 2581 1372 2665 legis
1396 2601 1527 2647 comme-

187 2687 380 2754 morandae:
410 2688 444 2752 id
474 2688 558 2769 quod
588 2688 644 2754 ille
673 2709 786 2772 parum
811 2707 870 2755 nos
900 2688 1019 2755 docuit.
1067 2691 1123 2756 An
1151 2693 1322 2755 accusator
1351 2709 1414 2755 non
1444 2689 1528 2756 satis

186 2795 326 2877 periculi
342 2795 494 2862 Cluentio
518 2795 622 2861 creari
654 2797 889 2874 arbitrabatur,
915 2796 943 2861 si
971 2803 1114 2864 veterem
1139 2796 1230 2862 illius
1254 2795 1367 2863 iudicii
1394 2796 1526 2863 Iuniani

186 2903 348 2970 invidiam
373 2909 571 2970 renovaret?
596 2904 624 2970 si
643 2904 770 2986 copiose
795 2904 934 2970 hominis
959 2903 1219 2970 innocentissimi
1242 2903 1393 2970 fortunas
1417 2904 1526 2986 deper-

185 3011 290 3092 ditae,
324 3012 495 3077 scelestam
520 3010 654 3077 Cluenti
685 3012 832 3077 fraudem
856 3017 891 3077 11
913 3012 1072 3078 malitiam
1097 3011 1305 3079 ostentaret?
1337 3010 1366 3076 si
1390 3009 1527 3092 denique

186 3120 249 3184 hoc
274 3123 403 3184 tantum
424 3119 531 3184 scelus
555 3119 670 3185 tollere
695 3125 793 3200 atquc
810 3118 979 3184 vindicare
1003 3118 1126 3184 iudices
1143 3119 1389 3185 obtestaretur?
1413 3117 1481 3184 Cur
1497 3118 1526 3183 ei

186 3245 269 3310 opus
293 3232 366 3293 erat
388 3227 461 3310 lege
478 3226 634 3293 Cornelia
658 3227 697 3292 de
720 3225 850 3292 iudiciis
875 3226 1047 3308 corruptis,
1073 3226 1101 3292 si
1126 3245 1189 3291 non
1214 3231 1388 3292 accusarat
1411 3225 1526 3291 Cluen-

187 3334 270 3400 tium
285 3335 345 3399 bec
360 3334 455 3417 lege?
485 3334 549 3402 Sed
569 3334 740 3400 Bardtium
758 3333 807 3398 illi
825 3352 943 3400 causae
967 3334 1136 3414 communi,
1155 3352 1237 3416 quae
1250 3339 1284 3399 et
1297 3332 1479 3400 accusatori
1494 3338 1527 3398 et

187 3446 327 3523 patrono
343 3441 445 3507 multo
460 3441 594 3524 gravior
617 3442 681 3508 fuit
696 3460 792 3523 quarn
810 3441 942 3524 propria
958 3461 1057 3508 causa
1073 3441 1216 3526 Cluenti,
1239 3459 1353 3523 parum
1370 3440 1525 3506 momenti

187 3548 352 3614 tribuisse·
370 3548 421 3615 hic
445 3549 649 3632 potissimum
673 3550 788 3616 elucet.

299 3766 330 3829 3.
355 3763 430 3829 Non
454 3770 519 3830 tam
544 3763 708 3846 propriam
721 3764 854 3831 Cluenti
878 3783 974 3844 quam
1007 3782 1205 3831 communem
1231 3764 1374 3845 aliquam
1392 3781 1524 3829 causam

186 3871 289 3938 fuisse
314 3871 353 3936 de
377 3890 440 3951 qua
470 3871 626 3937 iudicium
649 3871 720 3936 fieri
751 3877 923 3938 accusator
948 3871 1062 3954 vellet,
1086 3871 1201 3938 Cicero
1232 3871 1418 3952 affirmat§
1445 3871 1523 3936 160:

188 3979 337 4060 „reliqua
361 3998 523 4061 perpauca
552 3986 643 4063 sunt,
665 3997 748 4060 quae
771 3979 849 4061 quia
872 3987 1004 4046 vestrae
1027 3978 1230 4061 quaestionis
1261 3984 1372 4057 erant,
1404 3975 1525 4042 idcirco

186 4086 236 4152 illi
261 4092 448 4152 statuerunt
473 4086 625 4170 fingenda
648 4104 719 4152 1111
743 4086 807 4151 sibi
831 4092 865 4153 ct
887 4087 1091 4171 proferenda,
1114 4105 1155 4151 ne
1178 4085 1320 4151 omniurn
1343 4082 1524 4167 turpissimi
1624 4079 1626 4083 ’

186 4193 424 4276 reperirentur,
458 4194 486 4259 si
510 4194 544 4260 in
575 4194 729 4260 iudicium
754 4193 835 4258 nihil
863 4198 995 4276 praeter
1025 4193 1181 4260 invidiam
1215 4192 1439 4260 attulissent.“
1486 4192 1525 4256 111

187 4301 246 4366 illa
262 4302 348 4367 enim
373 4301 498 4369 invidia
515 4321 577 4368 non
595 4301 728 4368 Cluenti
753 4301 917 4384 proprium
937 4301 1125 4381 periculum.
1151 4301 1207 4364 sed
1224 4316 1323 4364 causa
1346 4297 1524 4364 communis

187 4410 348 4491 agebatur
370 4413 403 4491 (ξ
420 4411 462 4492 3).
503 4409 598 4474 Illam
625 4408 851 4488 „contionibus
873 4409 1028 4474 seditiose
1044 4407 1180 4490 agitatis
1203 4407 1524 4472 accommodatiorem

187 4533 371 4597 essequam
389 4516 577 4596 tranquillis
594 4515 834 4597 moderatisque
849 4513 1001 4580 iudiciis“
1023 4515 1140 4580 iterum
1159 4522 1257 4595 atque
1273 4514 1391 4580 iterum
1409 4512 1523 4580 Cicero

186 4622 359 4688 exclamat.

282 4729 463 4797 'Nimirum
504 4749 567 4796 non
608 4737 677 4795 tum
720 4727 858 4811 primum
894 4746 994 4794 causa
1029 4726 1118 4794 illius
1154 4727 1267 4793 iudicii
1300 4725 1443 4808 corrupti
1475 4726 1524 4790 ita
