3640 5536
852 454 932 507 Erich
952 454 1082 509 Ziebarth.

413 646 506 731 Quod
520 648 561 712 ad
574 654 700 728 tempus
714 647 811 712 huius
823 649 958 729 paeanis
977 650 1106 731 attinet,
1125 649 1263 731 primum
1278 649 1367 714 tituli
1379 649 1635 732 praescriptione

303 756 453 819 docemur
477 753 669 835 inscriptum
687 774 759 820 esse
774 755 914 837 lapidem
931 755 1075 821 Traiano
1098 757 1294 836 imperatore
1319 762 1394 820 ante
1412 776 1531 821 aritium
1552 759 1634 837 1033

304 863 344 926 ab
362 862 420 926 hoc
437 861 519 925 enim
546 869 689 942 tempore
714 881 889 943 cognomen
907 863 1033 942 Dacici,
1058 864 1141 943 quod
1167 863 1257 927 deest
1281 861 1357 928 huic
1381 863 1487 942 titolo,
1514 864 1635 928 abello

303 968 425 1034 Dacico
442 967 583 1033 feliciter
598 976 690 1049 gesto
707 969 826 1034 ceteris
842 969 1086 1052 cognominibus
1098 970 1235 1035 Traiani
1255 969 1401 1034 additum
1419 989 1489 1034 esse
1506 969 1635 1035 Ditten-

303 1078 458 1156 hargerus
490 1075 640 1156 exposuit
670 1076 710 1140 ad
735 1075 823 1143 (ΗΑ
847 1078 905 1142 ΙΙΙ
934 1079 1015 1154 462;
1049 1077 1246 1142 testimoniis
1279 1083 1431 1141 autema
1462 1077 1534 1144 viro
1565 1076 1634 1142 doc-

304 1181 430 1247 tissimo
456 1182 566 1247 allatis
590 1182 722 1247 interim
748 1203 864 1250 riorum
891 1185 1028 1250 accessit
1062 1185 1150 1250 tituli
1173 1184 1208 1249 iu
1233 1185 1313 1250 Rev.
1339 1185 1519 1265 archeolog.
1549 1186 1635 1249 1883

303 1292 342 1355 II
366 1309 417 1372 pg.
447 1292 506 1355 177
532 1290 707 1370 publicati,
742 1291 797 1372 qui
821 1292 958 1373 septimo
975 1291 1111 1357 Traiani
1136 1290 1329 1372 imperantis
1353 1309 1438 1355 anno
1463 1289 1565 1372 lapidi
1589 1291 1634 1355 in·
1695 1287 1700 1295 '

303 1396 389 1461 oisus
414 1414 529 1460 nomen
555 1397 710 1462 Dacicum
735 1399 842 1463 babet.
854 1399 876 1480 1)

355 1603 361 1614 ·
416 1519 497 1586 Ouio
524 1523 582 1586 hoc
606 1527 750 1603 tempore
776 1523 880 1587 nostri
914 1524 1108 1614 tituli'bene
1140 1522 1293 1614 congruit
1316 1523 1489 1603 Pompeius
1514 1523 1635 1589 Planta

304 1628 446 1710 Aegypti
465 1628 650 1710 praelectus
666 1629 700 1694 in
725 1630 885 1711 principio
904 1631 992 1695 tituli
1010 1631 1134 1708 dictus;
1160 1648 1231 1694 eum
1257 1629 1340 1694 enim
1367 1629 1480 1710 primis
1497 1630 1635 1695 Traiani

304 1734 502 1816 temporibus
517 1738 669 1817 Aegypto
681 1736 865 1816 praefuisse
881 1737 944 1801 iam
959 1739 1077 1802 dudum
1096 1757 1135 1802 ex
1149 1736 1231 1802 Plin.
1248 1736 1349 1817 Epist.
1369 1737 1409 1800 ad
1423 1737 1557 1802 Traian.
1572 1738 1636 1803 VH

302 1845 483 1908 constabat.
521 1843 673 1909 Nondum
691 1843 881 1909 innotuerat
897 1843 1096 1925 Calpurnius
1113 1843 1265 1922 Sabinus
1287 1862 1381 1923 quem
1399 1844 1634 1925 epistrategum

303 1961 371 2016 tum
396 1948 497 2014 fuisse
522 1954 615 2015 docet
642 1950 815 2032 inscriptio
840 1957 962 2016 nostra.

416 2074 494 2140 Alia
517 2081 569 2140 est
592 2075 749 2158 quaestio,
774 2095 850 2140 num
875 2095 1004 2142 carmen
1027 2076 1114 2141 circa
1137 2077 1348 2141 centesimum
1372 2095 1491 2141 annum
1510 2096 1540 2157 p.
1559 2076 1636 2143 Obr.

303 2202 338 2253 n.
358 2181 459 2263 lapidi
482 2181 620 2246 incisum
644 2182 703 2247 hoc
727 2202 853 2264 quoque
870 2189 1015 2264 tempore
1030 2182 1230 2248 Ptolemaide
1255 2184 1465 2264 compositum
1490 2183 1542 2248 sit.
1582 2184 1636 2247 Ad

303 2309 399 2370 quam
423 2308 490 2354 rem
515 2288 755 2354 diiudicandam
788 2290 905 2354 summi
937 2298 988 2355 est
1013 2290 1165 2355 momenti
1190 2289 1386 2367 similitudo,
1420 2309 1502 2370 quae
1535 2289 1634 2354 inter·

302 2396 390 2462 cedit
412 2395 499 2461 inter
523 2398 609 2461 hunc
632 2403 666 2461 et
682 2397 912 2462 Atheniensem
930 2416 1094 2479 paeanem,
1120 2416 1212 2477 quem
1231 2396 1403 2461 ediderunt
1423 2397 1634 2462 Kumanudes

303 2505 423 2570 Athen.
449 2504 497 2572 VI
519 2523 571 2586 pg.
600 2505 680 2581 143,
711 2503 947 2586 Dittenberger
978 2504 1060 2570 OJA
1084 2504 1196 2582 1111,
1234 2506 1341 2582 llio,
1376 2505 1507 2585 Bergk,
1541 2505 1634 2570 Poet.

302 2613 362 2694 lyr.
389 2612 426 2678 34
448 2632 498 2695 pg.
524 2615 590 2680 676
603 2631 662 2693 sq,
688 2612 818 2696 Kaibel,
844 2613 902 2676 Rh.
931 2613 1015 2676 Mus.
1042 2613 1093 2688 34,
1121 2609 1232 2692 208²)

391 2738 514 2803 Eadem
539 2739 624 2804 enim
648 2745 700 2804 est
724 2740 757 2803 in
788 2744 927 2818 utroque
961 2755 1085 2818 paeane
1114 2735 1284 2801 advocatio
1311 2734 1493 2816 Apollinis
1529 2735 1636 2815 patris

302 2845 503 2926 Aesculapii,
528 2846 639 2911 eadem
655 2844 857 2928 genealogia,
883 2845 1013 2910 eaedem
1030 2863 1142 2925 preces
1166 2851 1200 2908 et
1223 2841 1328 2907 forma
1348 2842 1444 2907 metri
1469 2841 1633 2924 dactylici.

303 2953 415 3038 Quid?
442 2952 526 3033 quod
539 2956 640 3019 verba
653 2971 778 3034 quoque
792 2952 902 3017 eadem
918 2952 1054 3016 redeunt
1070 2969 1141 3016 cum
1159 2951 1234 3015 aliis
1248 2951 1327 3015 locis
1345 2955 1414 3014 tum
1426 2970 1487 3017 v.v.
1505 2951 1636 3016 14-15

303 3059 518 3126 Atheniensis
542 3064 617 3143 (sec.
644 3079 706 3125 rec.
734 3059 899 3141 Dittenb.)
923 3065 957 3123 et
982 3061 1091 3124 7—10
1116 3057 1212 3122 huius
1235 3056 1411 3142 paeanis.³)

414 3186 583 3250 Habemus
599 3184 703 3266 igitur
718 3191 830 3266 poetas
848 3194 972 3260 tenues,
998 3183 1053 3264 qui
1070 3183 1208 3248 aliorum
1232 3188 1304 3247 arte
1329 3188 1425 3261 atque
1449 3181 1560 3248 verbis
1585 3181 1636 3246 usi

302 3294 447 3359 carmina
464 3299 722 3374 composuerunt,
749 3311 882 3373 quorum
900 3291 1066 3356 minimam
1089 3297 1215 3371 partem
1240 3289 1302 3354 sibi
1327 3287 1442 3353 merito
1467 3289 1634 3354 vindicare

303 3401 448 3483 possint,
482 3401 635 3482 pleraque
659 3401 826 3465 veteribus
860 3399 980 3480 poetis
1015 3409 1051 3463 ut
1076 3397 1226 3478 Sophocli
1259 3396 1440 3476 Aripbroni
1465 3397 1636 3481 Licymnio

303 3508 416 3594 Isyllq
443 3527 522 3589 qnos
547 3526 657 3573 omnes
681 3527 821 3588 paeanes
845 3506 1063 3586 composuisse
1088 3511 1226 3581 constat,
1253 3504 1401 3568 debeant.
1449 3505 1561 3583 Atque
1586 3503 1637 3568 hic

305 3617 434 3697 quidem
459 3634 562 3697 paean
587 3615 620 3680 in
646 3615 809 3697 prioribus
832 3616 983 3696 partibus
1008 3614 1090 3679 nihil
1114 3613 1178 3678 nisi
1203 3629 1387 3677 communes
1415 3614 1456 3676 ad
1481 3611 1638 3676 Aescula-

304 3724 391 3805 pium
422 3724 650 3788 celebrandum
683 3722 839 3788 formulas
874 3724 1024 3804 praebet,
1062 3721 1096 3785 in
1126 3729 1273 3785 extrema
1309 3719 1434 3784 demum
1470 3725 1563 3799 parte
1597 3719 1637 3782 ad

304 3833 419 3908 locum,
445 3850 557 3913 agrum
584 3831 800 3913 Aegyptium,
834 3837 867 3894 et
891 3831 1016 3903 urbem,
1050 3827 1261 3903 Ptolemaida,
1294 3827 1553 3891 accommodatus
1577 3832 1637 3890 est.

304 3939 425 4004 Mirum
452 3946 559 4004 autem
585 3957 680 4019 quarn
704 3937 842 4002 maxime
867 3948 935 4012 est,
969 3937 1053 4015 quod
1084 3936 1118 4000 in
1143 3936 1261 4017 hymno
1294 3933 1395 4000 saluti
1427 3932 1634 4014 imperatoris

414 4180 433 4248 ¹)
454 4184 619 4247 Corruptum
638 4188 680 4234 est
692 4185 744 4233 hoc
763 4185 792 4233 in
811 4183 901 4247 lapide
916 4197 1014 4232 nomen
1028 4183 1157 4246 praefecti
1174 4181 1298 4244 Aegypti,
1311 4183 1409 4228 extant
1422 4179 1511 4228 solum
1530 4179 1638 4228 litterae

305 4276 350 4326 ΟΥ
365 4270 460 4343 AAAAWA
476 4273 537 4322 YM
554 4269 622 4342 ΗΗΗΗ
638 4275 712 4323 ΚΑΙ
731 4273 837 4323 Dubito
856 4289 891 4323 an
911 4274 1043 4323 audacius
1061 4274 1099 4322 sit
1111 4273 1165 4320 huc
1184 4270 1283 4320 referre
1302 4283 1401 4318 nomen
1422 4267 1536 4329 Sulpicii
1551 4266 1638 4331 simii,

304 4380 384 4427 quem
415 4364 531 4428 Aegypti
560 4365 728 4426 praelectum
757 4363 839 4412 luisse
868 4366 985 4411 testatur
1009 4359 1072 4412 cJG
1096 4356 1252 4410 11147130
1278 4357 1321 4422 (cf.
1347 4357 1388 4405 111
1417 4371 1458 4419 pg.
1479 4352 1553 4419 312).
1585 4356 1636 4404 Sed

304 4470 346 4504 res
365 4453 484 4503 difficilis
503 4456 544 4502 est
563 4454 596 4502 ad
617 4454 833 4516 diiudicandum,
853 4453 983 4515 quoniam
1002 4452 1177 4515 apographon
1197 4448 1298 4512 lapidis
1320 4447 1403 4495 deest.

412 4557 491 4624 2)·De
511 4565 597 4612 metro
616 4563 675 4612 eius
694 4562 756 4611 vide
775 4563 878 4612 Usener
897 4562 983 4622 Altgr.
1003 4559 1096 4608 Versb.
1117 4573 1161 4621 pg.
1181 4553 1223 4606 98.

411 4663 432 4732 ³)
451 4669 512 4730 Quo
531 4683 565 4718 ex
584 4684 717 4719 consensu
737 4673 852 4731 apparet
879 4683 902 4718 v.
925 4664 958 4716 16
977 4680 1031 4714 non
1051 4664 1235 4727 supplendum
1261 4675 1319 4710 esse
1343 4653 1476 4727 Ἠπιόνης
1506 4654 1639 4726 θύγατρες

305 4760 362 4807 sive
381 4761 471 4826 κοῦροι
490 4763 521 4807 ut
540 4759 657 4808 editores
677 4760 782 4821 volunt,
802 4757 850 4807 sed
868 4751 963 4812 παῖδες
982 4756 1054 4804 sicut
1073 4753 1173 4818 legitur
1192 4752 1221 4800 in
1240 4764 1344 4814 paeane
1363 4749 1537 4797 Ptolemensi.
