3640 5536
887 492 968 556 Erich
987 497 1116 556 Ziebarth.

468 699 587 766 Νείλου
611 703 643 766 δὲ
668 699 743 786 ῥοὰς
766 703 858 788 δῴης,
884 705 1000 787 μάκαρ,
1026 698 1143 770 ἀιδίους
1166 701 1219 760 καὶ

403 812 446 876 20
469 811 542 895 τᾷδε
566 812 654 874 πόλει
677 812 780 882 θάλος
805 806 972 894 ἀμβρόσιον
996 813 1055 873 πά-

473 941 512 1002 σῃ
536 914 678 997 τ’ἀγανὸν
702 917 795 988 κλέος
820 913 971 998 Αἰγὺπτῳ.

557 1022 652 1110 χαῖρέ
675 1046 735 1108 μοι,
760 1021 785 1085 ὦ
809 1026 913 1101 παιάν,
939 1019 1081 1106 ἐπ’ἐμαῐς

560 1127 684 1218 εὔφροσι
707 1128 802 1192 ταῖσδ’
829 1126 959 1205 ἀοιδοῖς,

561 1239 658 1324 χαῖρ’,
683 1235 707 1300 ὦ
731 1235 825 1300 Πὺθι’
849 1233 1021 1300 Ἄπολλον.

451 1383 545 1446 Hanc
569 1380 813 1461 inscriptionem
838 1379 958 1460 optime
982 1376 1137 1460 scriptam
1163 1386 1196 1442 et
1227 1385 1406 1454 servatam,
1439 1355 1557 1458 paucos
1593 1383 1670 1442 aute

337 1507 439 1553 annos
473 1488 508 1552 in
536 1487 609 1554 vico
633 1486 824 1552 Menschich
856 1484 1073 1567 (Ptolemaide
1097 1486 1334 1573 Aegyptorum)
1370 1491 1550 1565 repertam,
1587 1503 1670 1549 nune

336 1595 370 1660 in
396 1614 504 1660 museo
530 1595 590 1672 „de
615 1594 761 1673 Boulaq“
787 1598 969 1670 servatam,
1001 1591 1119 1672 publici
1145 1593 1226 1658 iuris
1249 1593 1327 1659 fecit
1351 1595 1385 1660 J.
1412 1592 1551 1669 Baillet,
1587 1593 1667 1657 Rev.

337 1704 519 1785 aroheolog.
546 1703 804 1767 tom.13.1889.
829 1719 879 1781 pg.
901 1703 943 1766 to
960 1697 1008 1776 ff.;
1035 1699 1178 1764 eiusdem
1196 1702 1260 1766 viri
1276 1699 1398 1782 insigni
1424 1689 1669 1764 benevolentiae
1778 1724 1781 1749 =

284 1847 287 1852 ·
337 1817 514 1892 antotypon
540 1808 828 1890 photographicum
853 1807 1004 1882 debetur,
1042 1807 1231 1873 aOhrlstio
1256 1809 1411 1890 magistro
1437 1806 1558 1887 optimo
1592 1806 1669 1870 mihi

337 1917 588 1986 examinandum
613 1917 856 1982 commodatum.
895 1916 975 1979 Post
999 1914 1202 1996 principium,
1228 1917 1313 1996 qnod
1337 1914 1425 1978 infra
1442 1913 1665 1988 tractabimus,

337 2025 460 2110 legitur
483 2043 586 2104 paean
610 2022 645 2087 in
670 2021 1037 2112 honoremuAesoulapii
1069 2020 1184 2088 lactus.
1235 2024 1358 2087 Versus
1394 2022 1465 2086 eius
1502 2020 1535 2085 in
1564 2020 1672 2102 lapide

338 2152 402 2198 non
427 2130 578 2212 dirempti
603 2137 694 2203 sunt,
727 2129 760 2193 id
786 2130 868 2210 quod
902 2128 1024 2193 factum
1052 2138 1103 2193 est
1127 2128 1160 2192 in
1192 2127 1292 2192 simili
1316 2147 1439 2209 paeane
1464 2129 1606 2192 Athenis
1632 2128 1672 2192 ad

341 2238 547 2320 Asclepieum
572 2237 705 2304 invento
741 2237 795 2321 (el.
821 2236 936 2318 infra),
974 2236 1066 2301 euius
1091 2245 1196 2300 metra
1229 2256 1286 2317 per
1311 2237 1445 2301 εἴοθεοιν
1472 2235 1672 2301 insecundo

339 2345 804 2427 quoqueperieoparumversu
816 2343 997 2407 adhibitam
1010 2342 1167 2408 distincte
1183 2343 1384 2409 dividuntur.
1422 2340 1671 2410 Gontra'noster

339 2452 520 2534 lapidarius
536 2453 731 2532 scripturam
749 2449 964 2528 continuavit,
987 2451 1035 2515 ita
1051 2449 1190 2530 quidem,
1217 2459 1253 2515 ut
1276 2451 1399 2531 singuli
1422 2469 1538 2516 versus
1562 2469 1671 2531 parem

340 2560 408 2626 lere
443 2559 679 2640 longitudinem
715 2561 895 2638 praebeant
926 2562 960 2622 et
989 2576 1061 2622 cum
1093 2576 1191 2622 versu
1216 2577 1342 2639 semper
1366 2559 1499 2624 verbum
1524 2557 1669 2622 finiatur.

340 2669 422 2732 Inde
439 2686 510 2731 cum
535 2666 667 2747 paeonis
687 2663 901 2730 Atheniensis
918 2665 1042 2745 species
1059 2666 1196 2729 metrica
1219 2665 1299 2730 nulli
1318 2665 1514 2730 dubitationi
1534 2664 1674 2730 ohuoxia

341 2774 393 2850 sit,
420 2773 584 2838 difficilior
600 2780 651 2838 est
667 2773 816 2853 quaestio
841 2773 879 2836 de
897 2773 993 2836 huius
1009 2771 1145 2853 paeanis
1169 2773 1364 2837 colometria.
1403 2773 1537 2838 Veritus
1562 2781 1670 2837 autem

340 2899 409 2945 sum
441 2881 568 2962 signum
602 2885 672 2947 tv.
700 2882 719 2945 6
750 2891 823 2960 post
847 2885 958 2957 παιάν,
993 2898 1023 2945 v.
1053 2881 1092 2944 10
1120 2885 1195 2960 post
1224 2881 1347 2958 παῖδες,
1383 2898 1413 2944 v.
1443 2882 1482 2944 13
1507 2887 1578 2960 post
1611 2902 1671 2965 μοι,

341 3009 369 3053 v.
408 2990 449 3052 14
479 2996 551 3070 post
575 2992 687 3065 παιάν,
724 3008 754 3052 ν.
795 2992 833 3054 lt·
861 2988 944 3068 ‘post
973 2988 1136 3070 δοκίμους,
1171 3007 1201 3054 v.
1232 2989 1270 3052 18
1307 2995 1379 3067 post
1402 2992 1497 3051 παιάν
1533 2985 1673 3067 positum

341 3097 380 3160 ad
405 3095 503 3161 istam
527 3095 748 3177 quaestionem
774 3095 1013 3159 dilucidandam
1038 3096 1209 3172 adhibere3
1235 3095 1294 3160 hoc
1317 3095 1401 3159 enim
1427 3093 1565 3176 siguum,
1591 3095 1674 3173 quod

342 3223 362 3267 a
385 3203 491 3285 figura
514 3202 675 3268 coronidis
701 3221 763 3266 non
789 3202 925 3268 multum
956 3203 1122 3288 abhorret¹²
1160 3222 1260 3283 aeque
1290 3207 1388 3283 atque
1421 3209 1573 3282 punctum
1599 3221 1628 3266 v.
1653 3203 1676 3264 4

340 3317 413 3392 post
437 3308 602 3395 Φλεγοεὶοι,
629 3329 658 3375 v.
680 3312 721 3375 10
744 3316 818 3391 post
841 3308 957 3394 Ὑγιειόι
981 3310 1120 3390 positum
1146 3310 1305 3375 orationis
1323 3308 1584 3391 distinguendae,
1609 3328 1672 3373 non

340 3417 436 3482 metri
461 3417 628 3483 dividendi
653 3429 755 3482 causa·
775 3437 795 3491 a
819 3417 977 3499 lapidario
1002 3417 1142 3498 positum
1167 3436 1238 3482 esse
1262 3415 1422 3483 existimo.

454 3561 623 3644 Dactylico
647 3567 765 3636 metro,
792 3579 853 3640 quo
878 3562 963 3624 hunc
986 3579 1140 3641 paeanem
1166 3559 1376 3640 compositum
1402 3577 1473 3622 esse
1496 3565 1604 3640 patet,
1630 3560 1672 3624 ad

341 3669 425 3734 tales
455 3676 571 3734 cantos
603 3687 713 3734 sacros
747 3667 843 3732 etiam
869 3667 987 3750 tragici
1012 3674 1127 3748 poetae
1152 3667 1200 3732 uti
1232 3667 1346 3731 solent.
1396 3666 1554 3732 Conferre
1577 3665 1674 3731 iuvat

342 3785 374 3840 et
398 3776 568 3841 sollemnia
590 3778 701 3852 verba,
727 3774 845 3856 quibus
869 3780 1044 3860 προπομποί
1069 3774 1268 3839 comitantur
1291 3773 1420 3855 agmine
1434 3775 1528 3856 ‚testo
1554 3775 1677 3837 hlume-

342 3883 435 3948 nidas
459 3885 493 3947 in
517 3881 582 3947 fine
598 3881 751 3965 Aeschyli
772 3881 999 3960 Eumenidum,
1025 3891 1058 3946 et
1084 3885 1184 3948 verba
1208 3881 1297 3946 chori
1322 3879 1437 3961 paeoni
1462 3881 1494 3944 in
1521 3881 1675 3945 honorem
1785 3856 1787 3891 ³

345 3989 511 4070 Apollinis
531 3988 701 4055 simillima
724 3989 757 4054 in
782 3990 902 4070 paredo
928 3988 1097 4069 Sophoclei
1121 3987 1297 4069 Oedipodis
1321 3987 1433 4069 Regis.
1473 3987 1676 4052 Praeclaris-

341 4095 458 4162 simum
482 4115 558 4162 vero
583 4097 679 4162 huius
703 4096 855 4178 dactylici
871 4096 1002 4178 generis
1019 4096 1198 4177 exemplum
1215 4098 1349 4176 praebet
1365 4096 1504 4176 parodos
1523 4095 1675 4176 Aeschyli

344 4204 605 4286 Agamemnonis.
654 4205 768 4285 Neque
793 4203 857 4268 alio
885 4210 988 4267 metro
1012 4203 1210 4284 compositus
1233 4209 1284 4267 est
1316 4221 1418 4281 paean
1453 4203 1677 4284 Atheniensis,

343 4329 436 4390 quem
461 4311 525 4376 iam
550 4331 649 4392 supra
673 4309 1002 4377 commemoravimus.

455 4455 572 4520 Partes
596 4453 666 4520 sive
690 4453 838 4535 periodos
862 4453 997 4534 paeanis
1022 4459 1057 4518 ut
1082 4453 1332 4536 distinguamus,
1358 4450 1515 4534 imprimis
1545 4471 1675 4542 versum
1789 4455 1790 4460 ’

343 4560 517 4626 iambicum
541 4579 600 4627 nos
624 4562 795 4627 attendere
819 4565 958 4641 oportet,
983 4579 1045 4641 quo
1071 4572 1121 4625 ter
1145 4559 1285 4641 repetito
1302 4564 1345 4641 (v.
1371 4561 1546 4643 51117)
1572 4565 1676 4624 totum

343 4686 472 4733 carmen
502 4668 537 4733 in
568 4677 679 4751 partes
703 4675 860 4749 quattuor
884 4667 1055 4732 scinditur.
1104 4667 1334 4748 Tetrapodiam
1365 4673 1473 4731 autem
1505 4666 1677 4731 iambicam
1789 4655 1790 4720 ἶ

344 4795 364 4840 a
388 4775 557 4857 dactylicis
583 4777 772 4858 systematis
796 4795 859 4841 non
884 4775 1061 4840 abhorrere
1085 4781 1188 4840 testes
1213 4781 1292 4839 sunt
1315 4774 1376 4839 loci
1402 4775 1449 4839 hi:
