3640 5536
570 507 655 560 Curae
674 506 780 560 criticae
798 505 825 558 in
845 505 994 560 Aristotelis
1014 506 1130 562 Politiea.
1476 509 1517 574 99

303 704 414 770 Multa
438 709 516 768 sunt
539 704 598 769 hoc
621 705 699 782 loco,
726 703 759 767 in
784 703 900 783 quibus
917 703 1104 769 Aristotelis
1128 723 1261 770 acumen
1286 704 1466 771 disserendi
1491 710 1524 769 et

186 811 312 875 diremli
355 811 599 891 simplieitatem
633 820 731 891 atque
768 811 963 892 elegantiam
999 810 1173 875 desideres.
1234 815 1342 891 Atque
1383 797 1518 891 primum
1585 851 1587 856 -

186 920 316 998 quidem
343 919 419 1000 qnid
445 919 619 1000 respondet
643 918 823 998 particulae
853 924 908 1004 μὲν
942 925 1015 998 post
1047 924 1192 1002 πρότερον
1228 919 1378 998 positae?
1426 917 1524 982 Oet-te

184 1025 267 1106 quod
292 1025 445 1104 sequitur
481 1037 532 1090 νῦν
568 1027 601 1088 δὲ
633 1026 683 1090 διὰ
714 1031 769 1097 τὰς
800 1025 973 1114 ὠφελείας.
993 1078 1024 1089 ..
1052 1028 1212 1108 βουλονται
1248 1037 1384 1110 συνεχῶς
1417 1023 1523 1109 ἄρχειν

183 1152 319 1214 prorsus
346 1132 443 1197 aliam
469 1132 567 1194 habet
591 1131 726 1194 formam
751 1131 1005 1213 grammaticam.
1060 1128 1183 1194 Deinde
1217 1129 1289 1210 quis
1314 1130 1398 1195 feret
1422 1131 1522 1210 scrip-

183 1251 284 1305 torem
328 1247 394 1303 tam
436 1239 514 1302 exili
555 1244 698 1302 utentem
739 1238 904 1313 oratione,
936 1246 990 1311 ut,
1027 1245 1197 1318 postquam
1227 1236 1399 1324 ¹indicandi
1431 1237 1523 1301 modo

183 1345 318 1417 ἀξιοῦσιν
352 1345 534 1426 usurpavit,
570 1346 682 1424 paucis
715 1344 898 1410 interiectis
935 1345 1101 1412 vocabulis.
1137 1343 1345 1426 participium
1380 1343 1524 1408 eiusdem

182 1453 273 1516 verbi
300 1452 480 1534 (ἀξιοῦντες)
516 1452 679 1516 adhibeat.
743 1454 892 1532 Denique·
914 1454 942 1516 si
967 1453 1072 1517 media
1096 1454 1198 1516 verba
1221 1458 1367 1537 πρότερον
1393 1456 1447 1538 μὲν
1471 1470 1521 1514 us-

180 1579 241 1639 que
273 1561 317 1624 ad
351 1562 533 1643 λειτουργεῖν
566 1558 720 1633 deceris
754 1559 919 1624 sententia
950 1559 1103 1639 procedet
1138 1549 1258 1638 optime
1293 1577 1397 1639 ireque
1433 1558 1524 1636 quid-

180 1686 277 1746 quam
306 1670 388 1748 quod
415 1667 555 1730 addatur
590 1665 780 1730 desideres?
828 1666 980 1731 Ceterum
1019 1669 1119 1730 rerba
1154 1665 1221 1730 ista
1256 1686 1295 1730 ex
1331 1667 1351 1730 l.
1375 1667 1426 1734 IV
1451 1668 1523 1730 el

179 1794 209 1854 p.
242 1778 343 1840 rasti
367 1777 408 1838 36
434 1793 501 1852 sqq.
528 1771 706 1854 ‘decoquatur
738 1770 790 1836 οὖν
815 1771 898 1838 εἶναι’
923 1795 1007 1843 τινας
1031 1777 1100 1843 τοὺς
1123 1774 1310 1858 δυναμένους
1334 1773 1441 1858 ἄρχειν
1471 1777 1525 1837 καὶ

180 1885 436 1966 λειτουργοῦντας
459 1879 478 1966 ἢ
504 1892 642 1966 συνεχῶς
665 1879 685 1966 ἢ
709 1885 790 1945 κατὰ
815 1879 906 1964 μέρος
929 1891 965 1965 τῇ
991 1885 1078 1944 πόλει
1102 1885 1212 1967 ταυτην
1240 1884 1294 1966 τὴν
1323 1881 1521 1964 λειτουργίαν

179 1989 212 2052 in
240 1991 329 2053 hune
353 1988 473 2053 librum
499 1987 683 2053 rnauavisse
709 1987 862 2052 ridentur
886 1989 980 2068 culpa
1009 1989 1218 2068 glossatoris,
1252 1986 1389 2051 forsitan
1423 1987 1522 2068 philo-

179 2097 276 2178 sophi
302 2095 527 2178 peripatetici,
552 2095 607 2176 qui
636 2114 706 2159 cunr
733 2098 811 2160 haec
829 2098 930 2160 rerba
955 2095 1145 2160 recordatus
1168 2101 1264 2171 esset,
1289 2094 1524 2169 incommodum

180 2204 257 2268 liuic
286 2205 353 2267 loco
378 2203 634 2267 additamentum
662 2201 783 2267 intulit.

299 2363 391 2428 Arist
423 2364 489 2428 Pol.
511 2365 541 2429 V
566 2371 576 2426 l
605 2383 632 2444 p.
657 2365 806 2428 1301‘233
829 2383 896 2444 sqq.
924 2361 988 2426 εἶτα
1013 2364 1043 2426 οἳ
1068 2367 1121 2449 μέν
1147 2361 1188 2432 ὡς
1210 2362 1270 2426 ἴσοι
1295 2363 1378 2432 ὄντες
1402 2365 1521 2426 πάντων

113 2527 116 2534 ,
180 2485 241 2536 τῶν
271 2473 345 2536 icona
370 2469 487 2542 ἀξιοῦσι
513 2469 661 2556 μετέχειν,
697 2473 725 2533 c'i
749 2469 774 2533 δ’
799 2469 840 2540 ὡς
864 2470 961 2534 ἄνισοι
987 2471 1072 2540 ὄντες
1095 2473 1287 2534 πλεονεκτεῖν
1313 2473 1466 2556 ζητοῦσιν·
1491 2474 1524 2533 τὸ

182 2585 244 2664 γὰρ
270 2582 374 2644 πλεῖον
399 2578 511 2642 ἄνισον.

300 2685 387 2770 Quid
402 2686 603 2750 Aristoteles
629 2685 736 2749 dicere
762 2685 911 2762 uoluerit,
940 2685 1024 2750 haud
1042 2685 1174 2749 difficile
1197 2685 1381 2766 intellegas,
1399 2683 1524 2749 scilicet

185 2794 270 2857 alios
295 2795 469 2857 secuudum
500 2793 733 2873 aequalitatem
758 2795 940 2873 postulare,
970 2799 1007 2857 ut
1038 2793 1178 2857 omnium
1215 2810 1321 2856 rerum
1347 2791 1523 2872 participes

184 2900 270 2964 fiaut
306 2899 503 2979 aequaliter²
540 2900 622 2965 alios
658 2903 832 2965 secundum
870 2899 1137 2980 inaequalitatem
1169 2899 1201 2962 id
1229 2917 1344 2980 agere²
1377 2907 1414 2964 ut
1449 2899 1522 2979 plus

188 3007 331 3069 habeant
354 3025 449 3085 quam
473 3006 539 3071 alii.
588 3012 633 3072 At
656 3027 738 3088 quae
763 3009 794 3072 iu
831 3007 994 3072 ‹eootctuus
1025 3007 1181 3089 leguntur
1204 3025 1307 3086 neque
1332 3027 1401 3072 eam
1427 3026 1521 3086 quam
1550 3048 1552 3052 -

188 3113 339 3178 hocloco
364 3120 533 3195 exspectes
564 3115 759 3180 sententiam
792 3116 939 3180 etiiciuut
974 3133 1076 3197 neque
1113 3113 1241 3179 omnino
1277 3122 1413 3192 reetam;
1448 3133 1521 3178 nam

187 3221 327 3286 omnium
362 3241 469 3286 rerum
505 3222 682 3303 participes
717 3224 766 3287 iui
801 3224 872 3288 fieri
909 3225 1023 3290 volunt
1056 3222 1246 3303 aequaliter,
1281 3241 1343 3285 non
1381 3220 1521 3286 omnium

187 3329 370 3409 aequalium
394 3328 510 3394 iurum.
561 3330 631 3394 Aca
658 3330 761 3412 igitur
785 3351 851 3396 rem
877 3331 988 3411 tetigit
1012 3330 1143 3407 Coraca,
1173 3329 1353 3410 philologus
1370 3348 1521 3417 'graecus

186 3455 322 3516 graecae
346 3435 477 3518 linguae
510 3436 742 3516 ignarissimus
778 3439 951 3519 quodem,
985 3443 1021 3503 ut
1044 3437 1129 3518 quod
1153 3456 1193 3501 ex
1218 3436 1374 3500 extremis
1398 3436 1521 3500 litteris

186 3541 409 3607 antecedentis
433 3544 583 3609 vocabuli
608 3550 728 3610 πάντων
754 3547 836 3610 falso
862 3545 993 3610 iteratis
1027 3554 1131 3609 ortum
1158 3551 1260 3623 esset,
1296 3543 1520 3624 expellendum

186 3653 258 3713 esse
289 3650 503 3715 existimarit.
552 3652 702 3716 Alterum
736 3659 844 3734 potest
880 3655 911 3717 in
948 3651 1214 3733 disceptationem
1251 3651 1376 3732 vocari,
1411 3657 1518 3715 utrum

96 3760 100 3770 '
187 3758 271 3836 quod
299 3757 509 3837 subsequitur
533 3761 723 3824 vocabulum
747 3762 820 3824 ἴσον
852 3779 923 3825 cum
949 3761 1120 3842 Spengelio
1158 3759 1190 3824 in
1223 3758 1298 3831 ἴσοις
1331 3758 1519 3823 mutandum

186 3864 296 3928 sitan
320 3865 353 3929 in
377 3865 459 3930 ἴσον·
485 3867 544 3929 hoc
569 3867 705 3931 alterum
733 3875 769 3932 ut
792 3867 1005 3948 praeferrem,
1040 3867 1200 3932 adductus
1229 3884 1300 3929 sum
1324 3865 1423 3929 simili
1451 3865 1520 3930 loco

186 3973 303 4036 collato
328 3992 357 4052 p.
386 3975 484 4038 1316b
512 3976 595 4037 t-s
627 3974 697 4038 ἀλλ’
722 3973 781 4061 οὐχ
804 3974 849 4038 ὅτι
874 3973 901 4039 οἱ
925 3976 1003 4039 πολὺ
1028 3971 1229 4060 ὑπερέχοντες
1252 3983 1319 4041 ταῖς
1343 3970 1462 4042 οὐσίαις
1485 3971 1520 4036 οὐ

186 4077 305 4143 δίκαιον
330 4079 444 4145 οἴονται
470 4081 557 4146 ἴσον
583 4088 763 4167 μετέχειν
788 4095 842 4170 τῆς
866 4084 985 4152 πόλεως
1009 4085 1078 4152 τοὺς
1106 4070 1315 4168 κεκτημένους
1340 4081 1434 4166 μηδὲν
1458 4091 1521 4149 τοῖς

186 4193 395 4274 κεκτημένοις.

298 4365 397 4431 Arist.
423 4367 490 4430 Pol.
514 4368 580 4432 VII
607 4372 621 4431 1
650 4389 678 4449 p.
708 4371 969 4435 1323219-21:
1008 4371 1054 4434 διὸ
1078 4371 1124 4433 δεῖ
1148 4380 1264 4453 πρῶτον
1289 4365 1520 4453 ὁμολογεῖσθαι,

187 4481 231 4544 τίς
254 4473 270 4538 ὁ
294 4487 386 4540 πᾶσιν
411 4474 453 4545 ὡς
476 4473 570 4539 εἰπεῖν
596 4474 799 4560 αἱρετώτατος
823 4481 897 4561 βίος,
924 4481 1000 4562 μετὰ
1031 4479 1064 4540 δὲ
1094 4487 1181 4540 τοῦτο
1206 4482 1332 4558 πότερον
1356 4477 1520 4559 κοινῇκαὶ

187 4589 283 4670 χωρὶς
307 4581 323 4646 ὁ
348 4580 438 4652 αὐτὸς
462 4581 481 4669 ἢ
507 4582 617 4668 ἕτερος.

298 4692 392 4755 Duae
419 4710 470 4754 res
495 4689 582 4755 inter
607 4709 641 4755 se
674 4693 858 4757 contrariae
890 4693 941 4756 lrio
970 4697 1152 4773 ponuntur:
1187 4689 1258 4754 vita
1294 4689 1520 4756 universorum

188 4796 350 4862 hominum
375 4805 408 4863 et
433 4798 502 4863 vita
527 4797 734 4880 singulorum.
788 4800 907 4866 Graeci
943 4808 1051 4864 autem
1088 4818 1139 4864 res
1167 4797 1254 4862 inter
1278 4816 1313 4862 se
1337 4796 1520 4862 contrarias

1330 4923 1362 4977 7*
