3640 5536
213 1685 286 1785 De
313 1716 442 1788 novo
468 1715 656 1816 paeane
682 1685 733 1784 in
758 1682 998 1784 honorem
1025 1685 1311 1816 Aesculapii
1341 1685 1471 1786 facio

786 1910 893 1979 scripsit

544 2074 659 2144 ERIGUS
682 2075 848 2142 ZIEBARTH
872 2073 1124 2143 GOTTINGENSIS.

787 2282 893 2290 -——-

454 2421 602 2488 Titulus
637 2421 861 2488 Ptolemaide
896 2441 1012 2506 nuper
1049 2424 1228 2507 ropertus.

264 2589 358 2676 Ὑπὲρ
382 2589 607 2676 αὐτοκράτορος
631 2589 793 2675 Καίσαρος
818 2590 943 2676 Νεροόα
967 2589 1122 2677 Τραιανοό
1146 2590 1302 2675 Σεβαστοῦ
1319 2591 1510 2678 Γερμανικοῦ

170 2696 356 2786 Ἀσκληπιῷ
379 2704 433 2764 καὶ
457 2697 573 2782 Ὑχιείορ
596 2703 645 2763 τὸν
677 2703 748 2762 ναὸν
773 2704 827 2764 καὶ
854 2704 887 2764 τὸ
911 2706 1037 2785 τέμενος
1068 2701 1273 2764 ἐπεσκεόασεν
1305 2697 1324 2786 ἡ
1350 2701 1439 2770 πόλις
1461 2699 1511 2766 ἐπὶ
1621 2706 1625 2712 ’

172 2803 326 2892 ΙΙομπηοο
351 2804 480 2870 Πλάντα
503 2805 654 2894 ἡγεμόνος
677 2805 967 2894 ἐπιστρατηχοῦντος
992 2805 1209 2891 Καλπουρνίαν
1233 2805 1396 2889 Σαβείνοοε

307 3028 433 3094 Παιᾶνα
457 3033 641 3118 κλυτόμητιν
666 3028 788 3094 ἀείσατε
813 3041 928 3116 κοῦροι,

307 3137 465 3226 Λητοίδην
489 3137 607 3217 ἕκατον,
632 3136 658 3202 ἱὲ
682 3137 707 3202 ὦ
732 3136 757 3202 ἱὲ
782 3142 888 3216 παιάν,

307 3246 342 3319 δς
367 3251 445 3330 μέγα
468 3251 578 3332 χάρμα
604 3249 753 3330 βροτοῖσιν
778 3243 913 3327 ἐγείνατο
939 3249 1066 3334 μιχθείς

306 3350 337 3415 ἐν
362 3355 500 3440 φιλότητι
526 3351 678 3437 Κορώνιδι
702 3366 740 3438 τᾷ
764 3351 929 3438 Φλεχοείομ,

261 3459 282 3524 5
394 3459 425 3548 ἰη
450 3465 554 3538 παιάν,
581 3459 771 3547 Ἀσκληπιόν

397 3566 531 3654 δαίμονα
554 3571 759 3646 κλεινότατον,
784 3566 810 3632 i&
834 3573 939 3634 παιάν.

306 3684 358 3739 τοῦ
384 3676 417 3739 δὲ
440 3680 495 3740 καὶ
518 3674 688 3756 ἐξεγένοντο
713 3674 857 3761 Μαχάων

306 3787 360 3847 καὶ
385 3781 594 3867 Ποδαλείριος
617 3780 666 3868 ἠδ’
690 3780 782 3846 Ἰασὼ
808 3781 930 3846 Ἀκεσὼ
954 3807 985 3847 τε
1009 3785 1202 3858 πολόλλιτος,
1227 3780 1251 3845 ὦ
1275 3779 1301 3845 ik
1325 3786 1430 3862 παιάν,

309 3878 410 3977 Αἴγλη
435 3890 460 3953 τ’
489 3887 600 3959 εόῶπις
624 3888 786 3954 ΙΙανάκειά
810 3914 841 3954 τε
867 3888 1015 3977 Ἠπιόνης
1037 3901 1111 3956 παῖ-

245 3999 284 4061 10
308 3998 360 4066 δες
383 3999 436 4060 σόν
462 3995 624 4081 ἀχακλοτῷ
649 3995 772 4079 εόαογεῐ
796 3995 921 4081 Ὑχιείη,

397 4102 429 4190 ἰη
454 4107 558 4179 παιάν,
587 4101 769 4191 Ἀσκληπιέ,

400 4209 508 4294 δαῖμον
532 4211 717 4288 κλεινότατε,
743 4207 769 4274 ἱὲ
796 4215 899 4276 παιάν.

309 4314 401 4404 χαῖρέ
426 4340 486 4403 μοι,
511 4314 603 4387 ἵλαος
626 4316 804 4382 δ’ἐπινεὶσεο

311 4424 464 4511 ἁμετέραν
489 4427 576 4488 πόλιν
602 4422 778 4512 εόρόχορον,
804 4423 830 4490 ἱὲ
854 4425 878 4490 ὦ
903 4423 929 4490 ἱὲ
953 4430 1058 4502 παιάν,

246 4533 287 4597 15
311 4532 365 4606 δός
388 4531 501 4620 δ’ἡμᾱς
524 4527 692 4618 χαίροντας
715 4531 790 4618 ὁρᾶν
814 4539 895 4622 φάος
919 4532 1025 4598 ἀελίοιο
1049 4534 1133 4598 δοκὶ·

314 4662 390 4726 μοος
414 4643 467 4704 σόν
492 4638 655 4725 ἀγακλοτῷ
679 4639 800 4723 εόαοχεῐ
824 4639 948 4726 Ὑγιεία,

400 4744 431 4833 ἰη
456 4751 561 4822 παιάν,
588 4745 771 4835 Ἀσκληπιέ,

399 4852 508 4938 δαῖμον
534 4859 709 4939 σεμνότατε,
735 4851 761 4918 ἱὲ
785 4859 888 4921 παιάν.

179 4965 399 5010 commentationes
413 4965 581 5019 philologleae.
