3670 5536
268 464 330 529 106
769 464 906 518 Hermann
926 464 1086 518 Widemann

375 659 477 725 Vides
513 661 571 725 hcc
602 661 672 726 loco
708 651 803 726 unam
836 681 913 740 rem,
951 663 1063 750 φιλίαν,
1101 663 1226 728 duabus
1262 665 1374 740 rebus,
1409 661 1540 749 ἐπηρείᾳ
1563 671 1597 728 et

265 771 377 852 χάριτι,
403 766 537 849 υρρο111;
561 767 644 846 qued
669 786 739 832 cum
764 787 878 847 parum
903 769 1059 833 concinne
1083 768 1204 832 iactum
1231 768 1285 843 sit,
1305 768 1465 849 suspicari
1491 769 1594 849 possis

264 874 401 939 alterum
426 893 551 950 nemen,
577 874 668 940 velut
691 874 820 960 ἔχθραν,
851 877 890 940 ab
923 881 1055 940 auctore
1092 875 1168 940 libri
1197 883 1271 956 pust
1302 877 1354 942 vel
1389 885 1466 940 ante
1490 874 1595 963 φιλίαν

264 980 403 1062 positum
430 980 531 1046 luisse
555 1001 592 1046 ac
618 987 731 1062 pbstea
753 1000 864 1047 errore
889 983 941 1046 vel
966 981 1113 1047 socordia
1139 981 1344 1048 librariorum
1376 982 1595 1061 intercidisse,

265 1087 297 1152 id
321 1089 404 1168 qued
429 1106 465 1152 ee
491 1088 594 1170 magis
619 1087 779 1168 suspicari
804 1088 895 1167 licet,
927 1089 1003 1169 quia
1027 1088 1183 1154 medicum
1199 1089 1334 1156 'invidia
1365 1097 1398 1154 et
1421 1089 1596 1154 inimicitia

264 1193 374 1259 induci
398 1214 501 1276 posse,
526 1205 563 1260 ut
586 1203 700 1260 contra
723 1195 806 1260 artis
831 1207 1005 1278 praecepta
1028 1209 1155 1277 peccet,
1185 1196 1286 1261 multo
1311 1196 1522 1263 verisimilius
1546 1202 1598 1262 est

264 1321 359 1384 quam
385 1303 485 1368 nimia
508 1303 663 1369 amicitia.

376 1411 425 1476 At
449 1430 508 1493 ego
532 1411 567 1477 in
591 1430 637 1487 ec,
663 1418 700 1476 nt
725 1413 783 1477 boc
807 1430 961 1485 moneam,
987 1430 1037 1476 me
1062 1410 1225 1488 centine03
1251 1429 1366 1478 vereor
1391 1410 1485 1487 enim,
1506 1429 1546 1476 ne
1567 1410 1596 1474 is

265 1515 320 1598 qui
345 1520 446 1583 verba
470 1518 521 1581 διὰ
545 1519 665 1604 ἔχθραν
689 1518 837 1582 addenda
861 1522 993 1582 censeat
1016 1518 1055 1582 ad
1081 1520 1132 1582 διὰ
1155 1518 1269 1606 φιλίαν,
1289 1517 1398 1601 magis
1415 1519 1593 1582 oraticnem

262 1622 406 1704 expolire
430 1643 527 1705 quam
554 1627 699 1690 elucteris
728 1644 856 1690 manum
887 1624 1062 1690 restituere
1089 1625 1253 1704 videatur;
1284 1625 1466 1704 relinquere
1495 1624 1596 1706 igitur

264 1729 470 1812 philcsbpbb,
507 1731 562 1812 qui
590 1751 697 1796 rernm
723 1731 873 1797 acumina
897 1732 999 1814 magis
1023 1752 1118 1812 quam
1144 1731 1303 1798 orationis
1328 1733 1468 1813 leporem
1493 1741 1594 1797 secta-

261 1837 369 1914 batur,
384 1834 485 1902 levem
500 1840 586 1903 hunc
602 1838 754 1904 dictionis
772 1859 907 1906 naevum
926 1839 1031 1904 satius
1048 1841 1128 1904 duco
1145 1860 1238 1920 quam
1254 1841 1436 1922 corrigendi
1456 1839 1594 1905 arbitrie

262 1943 396 2008 nimium
420 1944 597 2036 indulgere.

378 2159 473 2224 Polit.
499 2159 558 2224 III
584 2161 622 2224 11
648 2161 766 2241 (Bekis.
795 2164 848 2242 16)
879 2180 907 2241 p.
930 2165 1028 2228 1287l
1053 2165 1094 2228 ‘23
1111 2183 1178 2244 sqq.

374 2281 419 2348 Ob
442 2290 539 2351 τοίνυν
563 2286 651 2350 τοῦτο’
673 2287 699 2368 γ’
724 2285 940 2369 ἀντιλέγουσιν,
971 2286 1013 2358 ὡς
1044 2286 1100 2353 οὒκ
1132 2287 1299 2370 ἀναγκαῖον
1329 2287 1493 2372 ἄνθρωπον
1518 2288 1596 2352 εἶναι

259 2397 309 2457 τὸν
333 2401 492 2474 κρινοῦντα
516 2397 665 2476 περὶτῶν
689 2393 945 2470 τοιοὺτων,’άλλ’
970 2395 1015 2461 ὅτι
1046 2394 1104 2481 οὐχ
1135 2394 1189 2459 ἕνα
1223 2401 1314 2482 μόνον
1343 2393 1427 2458 ἀλλὰ
1450 2397 1593 2466 πολλοὺς.

259 2503 354 2582 κρίνει
377 2502 435 2582 γάρ
460 2497 589 2570 ἕκαστος
613 2500 718 2587 ἄρχων
742 2502 984 2590 πεπαιδευμένος
1007 2500 1064 2569 ὑπὸ
1088 2514 1140 2567 τοῦ
1165 2509 1258 2588 νόμου
1281 2504 1396 2578 καλῶς,
1431 2503 1543 2568 ἄτοπον
1567 2505 1592 2570 τ’

258 2606 333 2675 ἰ’σως
357 2603 393 2668 ἂν
419 2605 496 2670 εἶναι
520 2606 632 2679 δόξειεν
657 2607 684 2673 εἰ
708 2603 827 2694 βέλτιον
851 2611 918 2697 ἔχοι
949 2633 994 2681 τις
1024 2612 1106 2676 δυοῖν
1137 2609 1254 2695 ὄμμασι
1283 2615 1337 2674 καὶ
1366 2611 1448 2674 δυσὶν
1485 2609 1595 2680 ἀκοαῖς

259 2717 369 2797 κρίνων
393 2717 446 2776 καὶ
470 2719 607 2798 πράττων
632 2717 699 2780 δυσὶ
722 2723 793 2782 ποσὶ
816 2723 869 2782 καὶ
893 2723 1007 2804 χερσίν,
1037 2717 1057 2804 ἢ
1082 2720 1191 2782 πολλοὶ
1214 2719 1351 2793 πολλοῖς,
1376 2716 1442 2782 ἐπεὶ
1464 2722 1518 2782 καὶ
1543 2729 1595 2782 νῖιν

260 2816 444 2907 ὀφθαλμοὺς
468 2823 602 2892 πολλοὺς
625 2821 653 2888 οἱ
677 2830 828 2910 μόναρχοι
852 2835 986 2890 ποιοῦσιν
1011 2822 1109 2890 αὑτῶν
1141 2830 1195 2890 καῖ
1226 2823 1288 2888 ὦτα
1319 2829 1373 2889 καὶ
1403 2837 1514 2911 χεῖρας
1542 2831 1596 2890 καὶ

260 2928 369 2996 πόδας,
414 2931 483 2998 τοὺς
506 2933 564 3013 γάρ
595 2941 631 3014 τῇ
663 2929 746 3017 ἀρχῇ
779 2937 833 2996 καὶ
864 2929 956 2997 abaci>
991 2932 1098 3020 φιλους
1132 2942 1287 3022 ποιοῦνται
1322 2937 1503 3018 συνάρχους.
1553 2937 1594 3020 μὴ

259 3030 343 3119 φίλοι
368 3038 422 3120 μὲν
447 3033 498 3100 οὖν
523 3035 607 3107 ὄντες
629 3035 665 3101 οὐ
689 3045 848 3126 ποιήσουσι
875 3043 956 3104 κατὰ
980 3044 1032 3126 τὴν
1056 3050 1108 3104 τοῦ
1131 3044 1288 3126 μονάρχου
1306 3037 1494 3125 προαίρεσιν·
1518 3038 1595 3104 εἰδὲ

259 3142 341 3227 φίλοι
364 3139 507 3207 κάκείνου
530 3148 584 3208 καί
607 3155 661 3232 τῆς
685 3143 796 3233 ἀρχῆς,
822 3145 839 3211 ὅ
862 3172 895 3230 γε
920 3150 1008 3236 φίλος
1029 3148 1096 3217 ἴσος
1118 3151 1173 3212 καὶ
1196 3147 1309 3234 ὅμοιος,
1333 3145 1402 3212 ὥστ’
1427 3145 1454 3211 εἰ
1473 3151 1596 3218 τουτους

261 3246 357 3311 οἴεται
380 3248 442 3314 δεῖν
468 3248 587 3335 ἄρχειν,
610 3254 680 3322 τοὺς
701 3252 786 3323 ἰ’σους
808 3259 862 3318 καὶ
886 3253 1010 3341 ὁμοίους
1034 3255 1142 3341 ἄρχειν
1166 3255 1261 3318 οἴεται
1285 3255 1347 3319 δεῖν
1371 3253 1492 3340 ὁμοίως.

370 3355 570 3422 Aristoteles
594 3359 649 3438 qui
673 3371 843 3440 praestare
867 3372 978 3426 censet
1000 3364 1180 3444 complures
1200 3361 1344 3426 homines
1364 3361 1593 3442 rempublicam
1629 3445 1630 3448 Ἴ

258 3461 489 3527 administrare
517 3484 611 3544 quam
630 3484 738 3544 unum,
758 3468 815 3532 bec
839 3468 907 3533 locb
932 3488 1026 3550 reges
1051 3470 1137 3550 ipsos
1162 3469 1497 3550 illud-quedammodo
1521 3489 1591 3534 con-

259 3567 347 3632 fiteri
376 3577 498 3646 monet,
536 3591 607 3636 cnm
644 3572 730 3637 viros
765 3576 961 3640 excellentes
999 3595 1063 3641 urna
1098 3595 1205 3642 secum
1237 3596 1375 3658 regnare
1404 3576 1538 3641 iubeant
1562 3581 1595 3641 ct

261 3676 381 3740 rnultcs
404 3677 513 3742 oculos
538 3687 572 3742 et
595 3698 692 3745 aures
716 3688 750 3746 et
774 3701 887 3747 niellus
912 3695 946 3748 et
970 3684 1066 3764 pedes
1097 3685 1157 3749 sibi
1184 3693 1316 3765 parent,
1349 3683 1465 3764 quibus
1497 3684 1594 3749 nomi-

260 3781 355 3846 nibus
380 3803 415 3848 re
441 3803 520 3850 vcra
545 3787 717 3851 Persarum
753 3808 846 3870 reges
883 3809 958 3854 usos
992 3809 1064 3854 esse
1100 3791 1289 3855 ilerndctns
1318 3793 1346 3877 (Ι
1372 3793 1448 3872 114)
1480 3799 1596 3857 auctor
1655 3827 1659 3833 ·

258 3899 317 3955 est.
377 3891 418 3954 In
452 3892 512 3956 bac
548 3912 649 3959 causa
684 3897 874 3976 exponenda
910 3896 1108 3963 Aristoteles
1143 3899 1191 3962 ita
1226 3899 1452 3979 pregreditur:
1487 3899 1595 3981 Regni

258 3997 362 4062 socios
399 3997 472 4063 illos
507 4000 661 4064 amicos
694 4021 765 4069 esse
804 4003 891 4084 regis
926 4012 1093 4085 eportere;
1132 4025 1205 4069 nam
1242 4005 1269 4068 si
1309 4025 1371 4070 nen
1409 4007 1493 4089 sint,
1530 4025 1594 4070 non

259 4110 390 4170 arturus
414 4125 487 4171 esse
511 4099 566 4173 ecs
590 4111 764 4175 secundnm
788 4111 874 4192 regis
893 4111 1093 4176 veluntatem
1113 4118 1147 4178 ct
1161 4113 1336 4193 periculum
1356 4114 1425 4178 fure
1444 4119 1592 4177 uttotum

257 4212 337 4278 illud
363 4213 553 4280 institutum
578 4218 775 4295 collabatur;
801 4218 892 4297 atqui
918 4219 1104 4293 amicitiam,
1132 4219 1194 4284 nisi
1212 4221 1334 4286 similes
1352 4220 1420 4284 sint
1437 4218 1591 4298 homines,

259 4339 330 4384 esse
355 4339 417 4384 non
443 4339 553 4403 posse3
577 4344 686 4406 regem
710 4344 796 4406 ergo,
824 4345 894 4390 cum
918 4325 992 4389 illes
1018 4325 1105 4388 vires
1130 4328 1302 4402 adsciscat,
1325 4327 1428 4408 ipsum
1447 4327 1593 4390 confiteri

261 4445 370 4491 omnes
396 4427 517 4493 similes
542 4429 695 4496 similiter
718 4431 894 4514 participes
912 4453 983 4498 esse
1000 4434 1118 4498 debere
1134 4435 1366 4514 gubernandae
1383 4432 1590 4514 reipublicae.

257 4533 346 4599 Huic
369 4535 606 4601 sententiarum
630 4540 736 4604 ordini
761 4539 868 4621 inepte
893 4540 1073 4607 intervenit
1097 4541 1262 4606 sententia
1286 4545 1356 4612 τοὺς
1379 4545 1438 4625 γάρ
1454 4551 1490 4625 τῇ
1508 4538 1591 4626 ἀρχῇ

256 4645 310 4704 καὶ
334 4637 426 4706 αὑτοῦ
448 4640 557 4729 φίλους
579 4655 735 4708 ποιοῦνται
758 4651 940 4730 συνάρχους,
966 4666 1029 4727 qua
1053 4647 1135 4711 nibil
1159 4648 1246 4711 aliud
1264 4645 1590 4711 demonstraturum

258 4749 343 4832 quod
356 4749 466 4816 verbis
483 4769 565 4831 quae
578 4753 673 4832 paule
686 4760 761 4833 post
774 4763 954 4833 sequuntur
966 4759 1020 4842 (μὴ
1034 4757 1116 4842 φίλοι
1132 4753 1184 4819 οὑν
1196 4755 1279 4825 ὄντες
1294 4760 1385 4836 seqq)
1394 4753 1591 4820 declaratur.
