3670 5536
626 500 710 557 cerae
729 500 834 556 criticae
854 503 882 554 in
902 502 1051 556 Aristotelis
1070 499 1188 557 Politice.
1513 504 1573 568 111

245 704 484 786 προσαγορευειν
508 697 750 784 ἀριστοκρατίαν.
800 751 884 765 ....
910 697 945 763 οδ
976 703 1035 786 μὴν
1060 698 1129 764 ἀλλ’
1154 699 1212 765 εἰσί
1235 725 1313 774 τινες
1341 703 1393 785 [sc.
1419 703 1577 784 πολιτεῖαι]

244 811 278 873 αἲ
301 815 377 894 πρός
400 832 431 872 τε
456 811 511 881 τὰς
534 805 797 893 ὀλιγαρχουμένας
820 807 926 895 ’έχουσι
950 808 1100 894 διαφοράς
1118 858 1228 872 .....
1262 806 1338 872 ὅπου
1361 829 1395 889 γε
1421 812 1462 894 μὴ
1487 814 1578 893 μόνον

244 916 422 1002 πλουτίνδην
448 913 606 979 ἀλλὰκαὶ
630 912 801 999 ἀριστίνδην
827 911 980 997 αἱροῦνται
1004 917 1058 987 τὰς
1082 912 1194 999 ἀρχάς,
1219 911 1296 1001 αδτη
1320 912 1340 1002 ἡ
1364 918 1578 979 πολιτεία...

245 1021 479 1108 ἀριστοκρατικὴ
504 1024 651 1086 καλεῖται.
692 1023 827 1104 καὶγὰρ
852 1018 883 1084 έν
907 1031 974 1093 ταῖς
991 1024 1032 1106 μὴ
1057 1019 1252 1106 ποιουμέναις
1273 1024 1378 1107 κοινην
1402 1020 1578 1107 ἐπιμέλειαν

244 1129 357 1218 ἀρετῆς
391 1129 463 1194 εἰσίν
495 1127 578 1214 ὅμως
609 1132 687 1201 τινές
721 1125 749 1191 οἱ
784 1124 1013 1214 εὐδοκιμοῦντες
1041 1123 1094 1193 καί
1127 1129 1286 1200 δοκοῦντες
1316 1126 1393 1191 εἰναι
1426 1129 1579 1201 ἐπιεικεῖς.

243 1237 318 1322 Qui,
343 1254 471 1320 quaeso,
496 1243 573 1300 sunt
596 1235 644 1299 illi
669 1247 781 1319 πρῶτοι
805 1237 898 1317 λόγοι,
928 1236 968 1299 ad
1001 1253 1080 1316 qnos
1107 1236 1306 1299 Aristoteles
1338 1254 1395 1298 nos
1428 1236 1579 1317 relegat?

244 1346 294 1410 De
317 1342 527 1410 aristocratia
551 1342 621 1408 sive
645 1361 684 1406 ee
708 1342 904 1422 reipublicae
930 1344 1049 1419 torma,
1087 1341 1119 1405 in
1150 1360 1214 1421 qua
1246 1343 1300 1421 qni
1332 1340 1458 1406 virtute
1490 1359 1577 1421 prae·

245 1461 334 1516 stant
358 1450 507 1518 civitatis
530 1448 752 1533 gubernacula
776 1456 927 1524 teneant,
952 1447 984 1511 in
1011 1447 1109 1512 tertio
1133 1447 1233 1525 libro,
1267 1447 1418 1529 inprimis
1441 1467 1509 1528 cap.
1539 1451 1578 1512 12

243 1580 272 1641 p.
295 1562 391 1625 trae·
407 1560 449 1624 32
466 1576 549 1638 seq.,
576 1557 777 1638 disputatum
803 1575 874 1621 esse
899 1555 1059 1620 neminem
1083 1565 1170 1620 carle
1196 1555 1370 1636 praeterit,
1405 1573 1508 1634 neque
1537 1555 1578 1618 ad

245 1667 329 1730 hunc
363 1665 481 1730 librum
506 1663 722 1728 Aristotelem
754 1664 812 1727 hoc
843 1663 912 1727 loco
947 1662 1129 1744 respexisse
1159 1664 1306 1744 equidem
1336 1662 1468 1728 infitior.
1515 1662 1581 1728 Sed

245 1789 327 1836 unns
352 1771 403 1836 hic
427 1773 510 1838 liber
534 1789 596 1836 non
625 1770 757 1850 suflicit,
783 1777 819 1834 ut
842 1770 905 1835 iam
930 1770 1147 1836 Susamihlins
1180 1776 1269 1835 recte
1299 1769 1578 1854 animadvertit1),

245 1880 502 1960 qnandoquidem
527 1878 626 1944 etiam
652 1897 734 1958 quac
758 1879 798 1942 de
822 1896 994 1960 puerorum
1021 1878 1212 1942 educatione
1228 1877 1357 1958 publice
1374 1877 1578 1942 instituenda

243 1984 443 2050 Aristoteles
468 1986 500 2050 in
525 1993 672 2050 extrema
706 1985 804 2050 istius
840 1985 958 2068 capitis
992 1992 1086 2066 parte
1117 1985 1197 2050 dicit
1230 1987 1272 2050 ad
1303 1985 1393 2050 illam
1423 1985 1577 2066 optimam

242 2093 485 2157 aristocratiam
509 2091 685 2173 pertinent.
733 2093 786 2158 De
810 2092 939 2174 publica
962 2105 1070 2159 autem
1094 2092 1286 2158 educatione
1311 2092 1343 2157 in
1368 2093 1469 2157 tertio
1493 2092 1577 2158 libro

242 2219 301 2264 nec
323 2201 400 2266 vola
423 2219 481 2264 nec
505 2199 700 2282 vestigium
731 2201 827 2282 plane
860 2202 943 2265 hanc
966 2219 1034 2265 rem
1063 2200 1282 2280 pertractavit
1314 2218 1377 2266 non
1395 2199 1444 2274 in
1479 2198 1577 2264 tertio

242 2305 326 2371 libro
360 2306 416 2371 sed
452 2306 486 2372 in
521 2314 655 2386 octavo,
693 2307 784 2372 cuins
819 2325 985 2388 compares
1021 2306 1119 2372 velim
1155 2306 1267 2372 statim
1303 2305 1441 2388 primum
1477 2312 1575 2387 caput

243 2430 273 2493 p.
302 2415 398 2478 1337·
414 2415 455 2478 22
480 2419 611 2502 φανερὸν
635 2413 680 2479 ὅτι
703 2419 757 2479 καί
779 2417 833 2500 τὴν
857 2415 999 2479 παιδείαν
1024 2421 1094 2501 μίαν
1118 2419 1171 2478 καὶ
1201 2417 1255 2500 τὴν
1286 2411 1380 2500 αὐτὴν
1410 2413 1577 2495 ἀναγκαῖον

243 2518 321 2585 εἶναι
352 2524 472 2586 πάντων
500 2527 554 2586 καὶ
582 2526 694 2609 ταίιτης
722 2526 776 2608 τίγν
809 2519 984 2608 ἐπιμέλειαν
1016 2520 1093 2586 εἶναι
1122 2525 1304 2607 corriperet
1328 2525 1369 2608 μη
1394 2523 1461 2586 κατ’
1486 2519 1574 2587 ἰδίαν.

240 2628 356 2710 Itaque
393 2647 456 2692 non
492 2629 533 2693 ad
571 2628 705 2694 tertium
740 2628 859 2694 librum
896 2629 1015 2711 solnm,
1048 2630 1103 2693 sed
1133 2628 1174 2694 ad
1206 2629 1338 2692 tertium
1369 2638 1402 2693 et
1425 2634 1575 2694 octavum

243 2734 458 2800 Aristotelem
495 2735 601 2818 ipsum
637 2755 695 2801 nos
732 2736 900 2802 remittere
928 2742 1050 2801 statuo.
1099 2734 1316 2801 Susamihlins
1348 2742 1456 2800 antem
1489 2735 1576 2800 insto

241 2841 420 2908 artioribus
444 2842 564 2908 finibus
589 2845 671 2909 hanc
695 2863 763 2908 rem
786 2843 1053 2923 circumscripsit,
1078 2842 1162 2922 quod
1187 2842 1228 2906 ad
1246 2843 1575 2908 Lacedaemoniorum

241 2948 340 3014 solam
369 2948 537 3016 civitatem
569 2970 624 3028 ea,
656 2970 739 3032 quac
767 2950 823 3016 illo
861 2951 930 3016 loco
961 2950 1038 3015 libri
1070 2949 1180 3030 quarti
1211 2950 1250 3015 de
1281 2948 1471 3016 educatione
1496 2949 1575 3014 indi·

241 3067 368 3135 cantur,
393 3059 578 3123 revocanda
601 3077 673 3123 esse
696 3059 837 3139 putavit.
850 3058 874 3140 2)
1452 3119 1453 3122 ,

354 3165 496 3230 Prodeat
521 3166 584 3230 iam
609 3164 705 3230 testis
728 3163 1004 3246 locupletissimus
1028 3164 1048 3229 l.
1073 3165 1123 3232 IV
1149 3182 1174 3229 c.
1199 3167 1218 3230 9
1243 3184 1272 3247 p.
1294 3166 1390 3230 1295*
1414 3167 1457 3230 25
1481 3170 1525 3235 τίς
1547 3166 1574 3229 δ’

241 3267 348 3358 ἀρίστη
373 3273 511 3336 πολιτεία
536 3276 590 3336 καί
613 3278 657 3342 τίς
681 3270 803 3355 ἄριστος
820 3274 886 3355 βίος
902 3282 968 3345 ταῖς
984 3274 1141 3346 πλείσταις
1156 3275 1263 3337 πόλεσι
1279 3277 1333 3337 καὶ
1348 3283 1411 3346 τοῖς
1426 3275 1577 3346 πλείστοις

240 3389 297 3443 τῶν
322 3376 504 3462 ἀνθρώπων,
530 3385 605 3466 μήτε
631 3382 706 3464 πρὸς
730 3377 840 3465 ἀρετὴν
865 3387 1054 3463 συγκρίνουσι
1078 3383 1131 3466 τὴν
1155 3377 1230 3464 ι’)πὲρ
1254 3382 1324 3453 τοὺς
1346 3378 1477 3456 ἰδιώτας,
1500 3387 1575 3468 μήτε

240 3490 316 3569 πρὸς
339 3487 479 3549 παιδείαν
503 3487 523 3572 ἢ
547 3491 667 3574 pecco<
690 3486 785 3550 δεῖται
807 3490 862 3550 καὶ
884 3494 1035 3573 χορηγίας
1057 3498 1204 3574 τυχηρᾶς,
1231 3493 1306 3574 μήτε
1330 3491 1404 3570 πρὸς
1421 3489 1575 3553 πολιτείαν

240 3596 293 3678 τὴν
317 3590 384 3658 κατ’
409 3591 503 3679 εὐχὴν
527 3593 696 3681 γινομένην,
729 3591 811 3657 ἀλλὰ
835 3596 899 3677 βίον
923 3617 954 3658 τε
983 3597 1032 3660 τὸν
1056 3605 1118 3668 τοῖς
1140 3596 1293 3667 πλείστοις
1314 3606 1498 3681 κοινωνῆσαι
1522 3595 1575 3658 δυ-

241 3704 329 3765 νατὸν
353 3705 407 3764 καὶ
430 3704 584 3767 πολιτείαν
607 3701 645 3789 ἧς
668 3705 724 3774 τὰς
746 3703 891 3774 πλείστας
913 3705 1018 3774 πόλεις
1041 3699 1198 3787 ἐνδέχεται
1222 3712 1394 3787 μετασχεῖν.

351 3807 416 3872 His
446 3808 558 3872 verbis
590 3809 674 3888 quod
698 3807 899 3873 Aristoteles
928 3813 969 3873 ad
1000 3827 1084 3886 eam,
1120 3808 1212 3873 cuius
1242 3806 1374 3888 plurimi
1398 3807 1574 3888 participes

240 3912 313 3978 fieri
342 3914 484 3995 possint,
520 3914 718 3996 reipublicae
742 3916 878 3981 formam
903 3915 1139 3981 instituendam
1164 3933 1226 3979 non
1253 3914 1427 3992 micaret,
1461 3914 1574 3995 quales

240 4022 393 4101 optimam
417 4021 616 4102 reipublicae
640 4022 775 4088 formam
801 4024 920 4088 habere
944 4030 1102 4104 oporteat,
1123 4020 1331 4102 postulandas
1358 4039 1430 4085 esse
1454 4028 1573 4098 monet,

239 4147 302 4193 non
327 4138 436 4210 potest
459 4130 536 4211 quin
562 4149 672 4195 omnes
696 4149 751 4196 eas
777 4149 845 4209 res,
881 4148 961 4210 quas
985 4130 1126 4211 optimae
1151 4128 1349 4210 reipublicae
1374 4129 1496 4194 formae
1520 4147 1572 4192 ne·

347 4344 368 4413 ¹)
386 4345 429 4397 Ad
455 4343 481 4396 ὲν
500 4351 554 4405 τοῖς
573 4343 685 4414 πρώτοις
705 4343 796 4414 λόγοις
822 4344 958 4397 adnotavit
976 4342 1153 4396 Susamihlins
1179 4342 1272 4410 capo
1300 4359 1324 4410 p.
1349 4343 1380 4394 10
1405 4343 1466 4395 adn.
1490 4341 1572 4395 1232:

239 4432 354 4486 niirrrlich
374 4434 410 4485 im
431 4435 533 4487 vierten
553 4434 712 4502 (sicbonten)
730 4435 785 4486 und
804 4434 910 4486 iilnlten
930 4433 1046 4501 (achion)
1067 4433 1167 4485 Buohc.

345 4523 366 4591 1ί)
386 4523 716 4592 Cap.op.llud11.l‘234:
737 4523 909 4590 Gesohweige
929 4524 997 4574 deun
1015 4523 1042 4574 in
1062 4522 1178 4583 solchen,
1198 4537 1237 4573 wo
1256 4522 1312 4573 dies
1332 4520 1446 4574 (lernen
1465 4523 1499 4573 ist
1518 4521 1572 4573 und

238 4613 279 4664 dic
299 4612 451 4666 iiffcntliche
471 4614 524 4665 und
545 4613 722 4680 gemeinsame
735 4613 887 4682 Erziehnng
907 4629 957 4665 nnr
975 4629 1008 4664 an
1028 4613 1088 4664 dom
1107 4611 1203 4664 Fehler
1221 4611 1309 4675 leidot,
1329 4611 1449 4678 einseitig
1468 4610 1515 4662 aul
1531 4610 1573 4662 die

237 4701 415 4772 kricgerischo
434 4701 603 4770 udchdgkeit
622 4702 765 4755 borechnet
783 4719 817 4754 zu
836 4703 901 4770 sein⁷
921 4702 970 4754 wic
989 4702 1017 4754 in
1035 4702 1130 4769 Sparta
1148 4700 1173 4752 V
1192 4700 1290 4768 (vni),
1311 4700 1334 4766 1,
1348 4700 1374 4752 3.
1414 4701 1448 4767 ΙΙ,
1469 4700 1493 4767 6,
1513 4701 1571 4752 221.

237 4789 276 4842 IV
296 4792 379 4861 (VH),
399 4791 442 4859 13,
463 4791 497 4845 10
515 4808 556 4860 sq.
