3670 5536
313 501 376 565 114
609 499 642 552 G.
666 496 758 568 Vogel,
779 498 864 554 Ourcc
883 499 988 553 criticae
1006 497 1034 552 in
1054 499 1205 554 Aristotelis
1224 498 1343 555 Politicc.

311 701 369 762 tuo
399 695 471 762 iure
495 701 680 779 exspectes3
714 701 811 778 atque
847 717 882 762 re
914 717 994 764 vers
1024 696 1191 764 invenitur
1219 697 1285 763 isia
1315 697 1475 778 expositio
1503 696 1536 761 in
1565 697 1641 761 libri

313 802 422 870 octavi
446 801 552 884 capite
576 802 679 884 primo
703 822 732 883 p.
761 805 856 869 1337·
882 806 1010 869 11—17
1043 803 1087 868 ὅτι
1112 810 1166 892 μὲν
1191 803 1242 870 οὖν
1266 818 1307 891 τῷ
1331 806 1484 891 νομοθέτῃ
1509 807 1641 891 μάλιστα

310 920 558 1001 πραγματευτέον
582 919 651 1000 περὶ
674 918 728 1001 τὴν
752 925 810 977 τῶν
835 917 909 979 νέων
933 914 1085 987 παιδείαν,
1117 912 1217 986 οὐδεὶς
1238 912 1273 977 ἂν
1291 912 1564 1001 ἀμφισβητήσειεν
1589 918 1643 976 καί

309 1025 367 1106 γὰρ
392 1019 422 1085 ἐν
446 1033 514 1096 ταῖς
540 1021 664 1086 πόλεσιν
697 1018 732 1084 σί)
761 1025 918 1106 γινόμενον
948 1030 1035 1084 τοῦτο
1065 1009 1278 1104 βλάπτειτὰς
1306 1023 1476 1094 πολιτείας·
1508 1021 1554 1084 δεῖ
1583 1023 1659 1104 γὰρ.

309 1132 385 1212 πρὸς
408 1126 540 1216 ἑκάστην
564 1129 784 1192 παιδείεσθαι·
817 1131 849 1191 τὸ
879 1131 937 1211 γὰρ
961 1127 1042 1216 ἦθος
1063 1139 1118 1215 τῆς
1141 1131 1296 1198 πολιτείας
1320 1126 1452 1216 ἑκάστης
1474 1131 1507 1191 τὸ
1530 1125 1641 1191 οἰκεῖον·

309 1240 362 1300 καὶ
386 1239 545 1324 φυλάττειν
570 1236 662 1299 εἴωθε
687 1240 741 1323 τὴν
764 1237 919 1300 πολιτείαν
943 1240 997 1299 καί
1019 1239 1203 1322 καθίστησιν
1228 1233 1259 1306 ἐξ
1284 1233 1400 1323 ἀρχῆς,
1430 1233 1491 1300 οἷον
1523 1238 1555 1298 τδ
1588 1238 1640 1318 μὲν

309 1344 535 1430 δημοκρατικὸν
570 1343 779 1430 δημοκρατίαν
815 1347 848 1407 τὸ
881 1343 905 1407 δ’
944 1340 1141 1428 ὀλιγαρχικὸν
1174 1341 1364 1430 ὀλιγαρχίαν.
1413 1341 1539 1426 Quibus
1570 1361 1639 1406 rrum

309 1449 419 1517 verbis
451 1449 478 1514 si
511 1468 593 1532 quac
623 1451 662 1514 dc
693 1449 837 1515 moribus
865 1449 983 1516 civium
1019 1469 1060 1514 cx
1094 1449 1266 1530 disciplina
1301 1458 1398 1529 atque
1433 1449 1641 1514 institutione

308 1576 481 1637 puerorum
506 1557 717 1623 nascentibus
742 1578 770 1639 p.
791 1559 889 1622 1333·
908 1559 947 1621 14
971 1566 1004 1621 ct
1030 1559 1128 1622 1332³
1148 1559 1190 1622 39
1216 1556 1425 1638 philosophus
1449 1556 1641 1639 disputavit,

309 1664 544 1746 composueris
569 1664 665 1745 plane
689 1664 802 1745 opinor
833 1665 893 1729 tibi
925 1664 1136 1746 persuadebis
1165 1664 1221 1729 illc
1254 1665 1322 1730 loco
1353 1663 1427 1729 libri
1452 1663 1558 1744 quinti
1583 1682 1641 1728 nos

309 1771 350 1838 ad
374 1770 510 1852 primum
537 1777 633 1854 caput
657 1771 734 1838 libri
758 1771 865 1838 octavi
889 1771 1039 1855 relegari.

1377 1915 1416 1982 G.
1448 1915 1550 1998 chel.
