3640 5536
327 493 369 558 98
894 488 990 546 Emest
1008 485 1094 548 dehr'

327 688 453 770 igitur?
500 689 629 756 Oasune
659 688 915 771 oscitatioueque
940 689 1118 754 scribarum
1152 689 1257 753 tribus
1290 689 1355 754 illis
1381 689 1459 754 locis
1494 690 1524 755 iu
1551 691 1658 755 altera

330 796 456 862 familia
480 796 624 862 codicum
648 796 822 862 articulum
846 796 1053 862 intercidisse
1082 815 1123 860 an
1148 796 1342 876 scripturam
1368 816 1430 861 non
1458 797 1656 862 intellectam

326 903 460 968 librario
478 903 587 969 fraudi
610 902 712 967 luisse
736 903 928 968 cerrsemlum
953 906 1028 970 est?
1063 905 1210 969 Alteram
1238 905 1320 968 baruc
1337 903 1432 983 viam,
1451 923 1545 983 quem
1564 923 1656 969 nemo

326 1029 389 1075 non
414 1010 586 1092 praeferet,
613 1010 662 1075 ita
685 1029 743 1092 ego
768 1010 940 1074 ineundam
965 1029 1090 1088 censeo,
1115 1019 1151 1075 ut
1175 1011 1241 1075 illis
1266 1012 1354 1085 locis,
1380 1010 1497 1090 quibus
1514 1011 1656 1076 codicum

326 1118 451 1183 familia
482 1119 529 1183 Π2
559 1118 731 1183 articulum
765 1123 841 1182 aute
873 1117 1039 1203 ἄνθρωπος
1067 1118 1194 1193 omisit,
1231 1120 1368 1183 scribam
1405 1117 1569 1202 ἅνθρωπος
1605 1119 1655 1183 vel

326 1223 557 1291 ΑΝΘΡΩΠΟΣ
583 1225 615 1289 in
641 1244 678 1289 eo
702 1224 785 1305 quod
809 1225 983 1306 descripsit
1014 1225 1191 1306 exemplari
1223 1225 1379 1305 scriptum
1403 1224 1568 1290 invenisse
1594 1224 1656 1288 exi·

325 1332 463 1398 stimem.
512 1331 778 1398 Commixtionem
811 1332 895 1396 enim
929 1332 1144 1412 syllabarum,
1182 1351 1276 1413 quam
1311 1331 1430 1397 Graeci
1463 1343 1571 1415 κρᾶσιν
1604 1332 1655 1397 vel

325 1444 478 1527 σονῖζησιν
499 1440 673 1522 appellant,
697 1439 795 1504 etiam
819 1442 859 1503 ab
877 1438 1059 1504 Aristotele
1077 1439 1255 1504 adhibitam
1273 1457 1345 1504 esse
1362 1438 1478 1504 docent
1494 1438 1654 1503 innumeri

324 1547 395 1624 loci,
424 1546 541 1627 quibus
566 1545 687 1630 άτερος,
718 1545 837 1630 ἅτεροι,
868 1544 986 1623 τᾶλλα,
1018 1545 1114 1630 τᾶργα
1145 1546 1178 1610 in
1204 1546 1352 1610 omnibns
1377 1556 1411 1611 et
1435 1545 1599 1611 codicibus
1623 1553 1657 1610 et

325 1654 521 1720 editionibus
553 1654 717 1735 leguntur.
776 1652 904 1719 Similia
934 1654 1083 1734 exempla
1113 1653 1296 1735 scripturae
1326 1653 1499 1717 mendosae
1536 1653 1655 1718 scriba·

324 1781 436 1828 rumve
453 1762 574 1827 erroris
592 1761 737 1842 reperias
754 1761 838 1841 apud
855 1761 1122 1838 Demosthenem;
1152 1759 1199 1825 sic
1216 1759 1355 1840 exempli
1370 1760 1482 1842 gratia
1497 1760 1531 1824 in
1549 1760 1656 1841 prima

323 1869 470 1935 oratione
494 1867 692 1951 Olynthiaca
720 1867 743 1954 ξ
767 1869 786 1931 3
818 1869 851 1932 in
881 1867 1045 1934 codicibus
1075 1867 1213 1950 legitur:
1254 1865 1297 1941 ὡς
1324 1867 1386 1932 ἐ’στι
1411 1870 1544 1954 μάλιστα
1568 1879 1654 1934 τοῦτο

323 1975 407 2054 δέος,
442 1981 484 2063 μη
508 1986 679 2060 πανοῦργος
702 1979 755 2040 καὶ
783 1976 881 2045 δεινὸς
904 1975 1069 2060 ἄνθρωπος
1092 1980 1250 2060 πράγμασι
1278 1978 1419 2062 χρῆσθαι
1434 2026 1441 2040 .
1456 2026 1486 2040 ..
1510 1975 1655 2064 τρέψηται

321 2089 375 2148 καὶ
399 2087 641 2169 παρασπάσηταί
664 2106 691 2146 τι
714 2093 772 2145 τῶν
789 2080 867 2145 ὅλων
884 2087 1079 2168 πραγμάτων.
1122 2082 1295 2147 Bekkerus
1319 2093 1352 2146 et
1376 2082 1431 2162 qui
1456 2101 1528 2148 curn
1551 2084 1655 2149 secuti

322 2195 400 2257 sunt
424 2192 565 2255 editores
590 2189 754 2274 ἅνθρωπος
777 2189 1012 2271 restituerunt;
1050 2189 1231 2255 rectissime
1253 2189 1301 2254 illi
1327 2189 1467 2269 quidem,
1491 2191 1652 2271 quoniam,

322 2298 350 2363 si
375 2298 448 2380 quis
465 2297 651 2379 Philippum
677 2316 786 2378 regem
810 2298 1024 2363 Macedonum
1049 2297 1112 2362 dici
1137 2296 1250 2376 voluit,
1276 2316 1340 2362 non
1364 2295 1528 2382 ἄνθρωπον
1554 2298 1653 2376 illum,

322 2410 377 2471 sed
409 2410 458 2470 τὸν
489 2405 653 2489 ἄνθρωπον
688 2404 797 2469 dicere
831 2405 979 2470 debebat.
1027 2404 1121 2470 Adde
1156 2405 1250 2469 sodes
1282 2405 1369 2469 aliud
1405 2405 1586 2486 exemplum
1621 2403 1653 2468 id

320 2531 423 2595 genus
443 2533 487 2578 ex
510 2511 658 2576 oratioue
681 2511 824 2576 eiusdem
849 2511 990 2576 oratoris
1021 2512 1179 2577 adversus
1204 2511 1340 2577 Midiam
1368 2511 1391 2598 ξ
1420 2514 1497 2588 198,
1532 2510 1587 2575 ubi
1620 2510 1653 2574 in

321 2621 483 2686 codicibus
508 2619 644 2701 legitur:
668 2617 703 2684 od
727 2623 786 2703 γάρ
810 2617 872 2683 ἐστι
896 2624 1029 2708 φορητὸς
1051 2619 1234 2706 ἄνθρωπος,
1266 2618 1425 2683 ἀλλὰκαὶ
1449 2621 1653 2703 πλουτεῖμό-

320 2749 371 2797 νος
394 2731 448 2792 καὶ
471 2728 569 2808 λέγειν
594 2727 719 2789 δυναται
744 2730 845 2811 μόνος.
897 2727 966 2790 Ηοο
991 2744 1116 2808 qnoque
1139 2727 1208 2792 loco
1232 2726 1316 2791 idem
1342 2727 1516 2792 Beklcerus
1540 2733 1573 2790 et
1598 2725 1653 2806 qui

320 2833 389 2899 eius
415 2833 558 2915 vestigia
581 2839 659 2897 suut
682 2831 786 2898 secuti
810 2832 954 2898 editores
979 2832 1145 2921 ἅνθρωπος
1159 2835 1328 2917 legendum
1351 2840 1550 2914 statuerunt,
1570 2833 1654 2915 quod

319 2941 447 3021 quidem
471 2947 505 3006 et
529 2939 576 3005 rei
600 2946 633 3005 et
657 2940 841 3004 sententiae
873 2948 1125 3006 consentaneum
1156 2961 1227 3007 esse
1258 2961 1351 3007 nemo
1385 2961 1449 3006 nou
1478 2940 1651 3023 intellegit.

320 3048 384 3112 His
409 3047 558 3112 omnibus
583 3048 621 3112 de
645 3047 752 3112 causis
776 3066 813 3113 eo
837 3066 931 3129 quem
957 3056 1135 3114 'tractamus
1158 3050 1229 3116 loco
1252 3049 1434 3131 philosophi
1459 3048 1564 3115 nostri
1589 3067 1651 3113 non

319 3155 493 3220 articulum
517 3153 533 3218 ὁ
557 3172 629 3220 esse
654 3155 836 3220 addendum
862 3155 915 3220 vel
939 3156 1172 3238 supplendum,
1205 3157 1261 3224 sed
1295 3156 1403 3238 potius
1428 3155 1594 3240 ἄνθρωπος
1618 3155 1650 3218 in

320 3261 485 3348 ἅνθρωπος
509 3263 699 3327 mutandum
724 3281 796 3327 esse
820 3281 945 3328 censeo.

430 3370 608 3434 Praeterea
640 3369 732 3452 quasi
764 3369 798 3434 in
823 3369 967 3436 transitu
992 3389 1104 3436 moneo
1129 3370 1211 3435 nihil
1240 3389 1312 3434 esse
1336 3387 1470 3444 causae,
1501 3387 1560 3433 cnr
1583 3367 1650 3432 Pol.

316 3479 333 3541 I
357 3479 376 3541 2
400 3496 429 3558 p.
456 3478 554 3542 1253*
581 3480 693 3557 lsqq..
723 3476 777 3541 nbi
803 3477 836 3541 in
861 3476 1025 3542 codicibus
1049 3477 1090 3540 P¹
1115 3486 1148 3540 et
1172 3475 1218 3539 11²
1245 3476 1368 3558 legitur
1398 3474 1435 3541 ἐκ
1462 3479 1573 3540 τουτων
1600 3472 1651 3539 οὖν

318 3589 459 3671 φανερόν,
484 3581 610 3648 ὅτιτῶν
634 3587 721 3672 φάσει
744 3581 764 3670 ἡ
789 3585 877 3653 πόλις
901 3581 975 3661 ἐστι’,
999 3587 1054 3647 καὶ
1077 3581 1121 3646 ὅτι
1145 3582 1312 3668 ἄνθρωπος
1335 3583 1387 3664 (Ρ1
1404 3581 1420 3646 ὁ
1435 3580 1539 3666 άνθρ.)
1564 3585 1651 3668 φάσει

318 3693 472 3756 πολιτικὸν
490 3694 576 3775 ζῷον,
598 3698 713 3756 contra
735 3691 963 3756 auctoritatem
980 3690 1123 3756 codicum
1142 3689 1497 3771 praestantissimorum
1517 3690 1649 3754 verbnm

317 3795 382 3862 ἐστί
411 3803 485 3878 post
510 3802 585 3882 ζῷον
609 3799 759 3862 addatur.
806 3797 953 3862 Primum
985 3796 1070 3862 enim
1103 3797 1162 3861 hoc
1192 3797 1309 3864 docent
1332 3797 1395 3884 loci
1420 3815 1519 3878 supra
1543 3795 1649 3876 citati,

317 3923 453 3985 quorum
476 3923 561 3969 unns
586 3903 648 3969 ἐστί
671 3905 807 3985 praebet
832 3904 948 3986 reliqui
979 3903 1150 3984 omittunt;
1181 3904 1298 3971 deinde
1331 3905 1389 3969 hoc
1419 3904 1487 3968 loco
1519 3909 1651 3985 propter

317 4011 514 4102 praecedens
537 4011 600 4076 ἐστί
624 4012 719 4077 facile
744 4012 847 4077 altero
871 4009 934 4076 ἐστί
958 4030 1071 4077 carere
1095 4030 1273 4094 possumus.

430 4135 535 4202 Arist.
560 4136 626 4202 Pol.
652 4138 744 4202 [116
769 4157 797 4218 p.
819 4138 916 4202 1279*
939 4139 1066 4202 8-16:
1101 4116 1148 4201 διὸ
1180 4141 1234 4200 καὶ
1264 4140 1319 4206 τὰς
1350 4138 1509 4206 πολιτικάς
1536 4133 1649 4220 ἀρχάς,

317 4241 389 4308 ὅταν
412 4243 433 4328 ᾗ
457 4245 525 4309 κατ’
549 4242 675 4332 ἰσότητα
704 4255 762 4308 τῶν
795 4245 925 4308 πολιτῶν
956 4255 1158 4330 συνεστηκυῖα
1188 4248 1242 4309 καὶ
1264 4244 1340 4308 καθ’
1365 4242 1545 4330 ὁμοιότητα,
1569 4246 1650 4306 κατὰ

318 4356 414 4436 μέρος
438 4349 570 4422 ἀξιοῦσιν
595 4350 711 4438 ἄρχειν,
745 4356 890 4437 πρότερον
916 4348 982 4446 μέν,
1006 4349 1026 4436 rs]
1051 4356 1193 4439 πέφυκεν,
1230 4350 1383 4423 ἀξιοῦντες
1410 4349 1441 4414 ἐν
1472 4347 1558 4436 μέρει
1585 4351 1649 4413 λει-

317 4469 452 4542 τουργεῖν
476 4463 530 4523 καὶ
554 4470 677 4523 σκοπεῖν
701 4481 767 4523 τινα
791 4460 883 4523 πάλιν
909 4463 942 4523 τὸ
967 4455 1060 4523 αὑτοῦ
1086 4456 1216 4540 ἀγαθόν,
1249 4457 1350 4542 ὥσπερ
1383 4463 1528 4542 πρότερον
1559 4454 1650 4526 αὐτὸς

318 4563 424 4650 ἄρχων
449 4563 573 4630 ἐσκόπει
596 4570 629 4630 τὸ
654 4564 771 4630 ἐκείνου
794 4572 966 4654 συμφέρον,
1002 4576 1053 4631 νῖιν
1089 4566 1122 4628 δὲ
1157 4566 1209 4628 διά
1243 4569 1298 4635 τάς
1325 4563 1479 4653 ὠφελείας
1506 4568 1561 4634 τάς
1589 4561 1649 4630 άπὸ

316 4682 375 4735 τῶν
398 4683 508 4738 κοινῶν
533 4676 665 4746 καὶτὰς
689 4670 725 4737 ἐκ
747 4685 802 4761 της
827 4671 928 4760 ἀρχῆς
954 4674 1114 4757 βοολονται
1138 4683 1275 4757 συνεχῶς
1299 4671 1416 4757 ἄρχειν,
1439 4670 1501 4735 οἷον
1519 4669 1545 4735 εἰ
1561 4675 1649 4734 συνέ-

318 4781 420 4862 βαινεν
445 4777 586 4861 ὑγιαίνειν
612 4779 662 4844 ἀεὶ
684 4792 747 4851 τοῖς
771 4780 901 4868 ἄρχουσι
927 4792 1105 4866 νοσακεροῖς
1129 4778 1222 4847 οὖσιν.
