3670 5536
580 436 664 490 Curae
684 436 789 490 criticae
807 435 835 488 in
855 434 1005 492 Aristotelis
1024 437 1142 493 Politice.
1467 442 1529 506 113

196 630 302 696 dinem
335 650 457 696 morum
491 639 524 698 et
554 631 746 714 disciplinae
778 632 935 699 rationem
966 633 1181 700 revocandum
1211 654 1282 700 esse
1306 634 1421 702 dicam.
1468 634 1529 702 Oui

196 738 461 820 interpretationi
492 759 556 804 uon
587 743 698 805 obstat
729 741 813 822 quod
838 731 1039 806 Aristoteles
1071 741 1103 807 iu
1137 743 1250 810 eodem
1279 743 1362 808 libro
1393 742 1530 832 septimo

195 847 418 911 educationem
443 865 507 911 non
532 847 692 927 fortunae,
718 847 775 912 sed
800 847 928 913 consilii
951 853 1049 930 atque
1074 847 1212 915 rationis
1237 868 1307 915 esse
1328 849 1530 916 demonstrat

195 971 224 1033 p.
247 955 341 1018 1332'*
365 955 402 1017 31
431 957 463 1018 τὸ
488 955 521 1018 δέ
546 955 713 1020 σπουδαίαν
739 953 893 1043 εἶναιτὴν
917 958 1003 1021 πόλιν
1028 954 1127 1021 οἰκέτι
1150 968 1205 1044 τῆς
1227 960 1325 1045 τίχης
1347 957 1434 1041 ἔργον
1459 955 1526 1023 ἀλλ’

196 1060 364 1148 ἐπιστήμης
386 1066 439 1127 καί
463 1059 677 1146 προαιρέσεως.
726 1061 820 1127 hicet
844 1061 929 1152 enim
953 1062 1155 1129 educationis
1179 1062 1352 1144 disciplina
1378 1062 1529 1146 inprimis

196 1187 214 1232 a
245 1168 380 1233 oonsilio
409 1174 440 1233 et
473 1169 649 1250 prudentia
677 1168 872 1250 scriptorum
900 1171 1007 1252 legum
1039 1177 1073 1237 ct
1103 1176 1346 1252 praeceptorum
1379 1172 1529 1252 pendeat,

195 1283 303 1340 tamen
328 1274 381 1340 vel
413 1275 535 1356 optima
571 1275 719 1341 educatio
756 1275 837 1340 nihil
874 1278 963 1344 valet
1002 1279 1098 1343 rebus
1133 1276 1329 1344 necessariis
1361 1276 1529 1342 destituta.

196 1381 269 1466 Qua
293 1382 332 1447 de
357 1401 455 1447 causa
478 1390 611 1470 χορηγία
635 1387 755 1470 τυχηρὰ
779 1401 816 1448 eo
841 1384 1013 1450 referenda
1036 1393 1096 1463 est,
1121 1385 1204 1466 quod
1228 1383 1284 1464 qui
1308 1384 1397 1467 leges
1413 1390 1447 1450 et
1463 1384 1529 1450 dis-

195 1488 346 1569 ciplinam
372 1489 569 1572 reipublicae
593 1489 782 1570 instituant,
807 1489 896 1572 ipsos
920 1492 1019 1558 cerlis
1043 1493 1141 1557 rebus
1166 1490 1317 1557 adiuvari
1342 1491 1530 1575 oporteatl)

307 1605 457 1687 Denique
491 1609 645 1671 πολιτείαν
677 1611 731 1693 τὴν
762 1605 829 1672 κατ’
854 1607 948 1695 εὐχὴν
980 1614 1139 1697 γινομένην
1170 1609 1295 1688 qualem
1327 1607 1528 1674 Aristoteles

195 1711 396 1778 intellexerit
420 1720 453 1778 et
476 1713 593 1795 quibus
616 1713 696 1779 locis
721 1715 918 1780 tractaverit
942 1715 970 1780 si
993 1733 1205 1795 quaeramuS,
1240 1732 1313 1780 eum
1337 1716 1400 1781 iam
1425 1715 1459 1781 in
1484 1734 1529 1780 se-

194 1822 297 1886 cundo
321 1822 405 1887 libro
430 1820 480 1885 bis
504 1841 533 1903 p.
557 1822 653 1888 1260b
670 1823 711 1887 29
737 1828 770 1887 et
796 1821 893 1912 1265a
917 1824 957 1888 18
982 1822 1022 1887 de
1046 1821 1187 1887 maxime
1211 1823 1353 1904 optanda
1377 1822 1527 1904 reipubli·

194 1946 250 1993 cae
274 1929 379 1993 torma
404 1933 653 1993 commentatum
679 1947 751 1993 esse
775 1928 869 1995 uobis
894 1930 1132 1996 concedendum
1165 1937 1231 2006 est,
1264 1933 1374 1994 tamen
1404 1928 1527 2006 dubito,

123 2045 126 2050 '
194 2054 269 2100 num
293 2037 352 2100 bos
376 2036 462 2101 locos
486 2035 569 2101 libro
593 2045 709 2115 quarto
740 2039 950 2118 spectaverit.
998 2037 1087 2104 Nam
1119 2053 1190 2102 cum
1222 2055 1262 2101 ex
1292 2035 1399 2102 tribus
1431 2038 1528 2101 rebus

194 2143 284 2224 δῶκε,
311 2142 422 2230 άρετὴν
446 2147 499 2229 πλην
524 2140 599 2228 ὑπὲρ
622 2147 692 2218 τοὺς
714 2142 837 2215 ἰδιώτας
860 2141 895 2210 ct
918 2145 1058 2210 παιδείαν
1075 2145 1095 2232 ἢ
1112 2146 1232 2231 φάσεως
1251 2144 1346 2208 δεῖται
1361 2149 1415 2209 καὶ
1430 2166 1528 2231 χορη-

192 2259 261 2333 γίας
283 2263 436 2339 τυχηρᾶς,
472 2251 514 2316 ad
549 2270 604 2331 ea,
641 2271 723 2332 quae
753 2253 792 2317 de
817 2252 958 2337 civibuS,
989 2251 1101 2334 quales
1133 2252 1167 2316 in
1192 2249 1315 2333 optima
1339 2251 1442 2316 forma
1466 2252 1528 2316 rei-

192 2358 340 2440 publicae
364 2377 435 2424 esse
459 2365 617 2441 oporteat,
642 2359 726 2424 libro
751 2360 888 2442 septimo
912 2358 1079 2438 disseruit,
1105 2348 1295 2424 referendas
1312 2376 1383 2423 esse
1400 2362 1525 2424 certum

193 2472 290 2547 atque
314 2465 521 2532 manifestum
546 2466 600 2546 sit,
626 2467 760 2532 tertiam
784 2486 861 2546 rem,
886 2471 1041 2534 πολιτείαν
1066 2464 1136 2531 dico
1160 2469 1213 2552 τὴν
1238 2465 1306 2530 κατ’
1332 2463 1426 2552 εἰχην
1446 2488 1528 2547 γινο-
1554 2527 1557 2532 .

194 2580 296 2663 μένην,
322 2574 363 2639 ad
387 2573 640 2654 disputationem
663 2573 704 2639 de
727 2573 875 2640 externis
900 2577 1013 2653 rebus,
1039 2573 1157 2656 quibus
1181 2571 1305 2654 optima
1328 2571 1527 2653 reipublicae

193 2684 296 2747 forma
320 2683 480 2747 adornata
503 2699 575 2746 esse
599 2680 726 2758 debeat,
753 2681 785 2746 in
812 2682 921 2747 eodem
944 2681 1029 2748 libro
1053 2679 1175 2747 factam
1191 2679 1357 2762 pertinere
1373 2697 1527 2760 perquam

193 2789 372 2856 verisimile
396 2795 455 2854 est.
505 2788 598 2873 Quod
622 2793 660 2853 ut
683 2788 742 2854 tibi
769 2790 984 2872 persuadeas,
1014 2789 1105 2872 legas
1136 2807 1218 2869 quae
1241 2807 1271 2869 p.
1300 2787 1464 2852 13251‘35
1488 2788 1527 2852 de

193 2916 232 2962 aa
256 2916 292 2962 re
316 2895 465 2962 disserit:
496 2894 579 2982 άρχη
608 2908 665 2961 τῶν
689 2900 802 2962 λοιπῶν
827 2895 920 2962 εἰπεῖν
944 2909 1062 2982 πρῶτον
1085 2903 1176 2971 ποίας
1199 2899 1282 2969 τινὰς
1305 2896 1351 2960 δεῖ
1374 2899 1429 2976 τάς
1452 2891 1527 2959 ὑπο-

191 3002 397 3078 δέσειςεῖναι
421 3008 568 3092 περὶτῆς
598 3007 770 3090 μελλουσης
799 3002 866 3068 κατ’
889 3001 986 3096 εὐχὴν
1016 3009 1196 3070 συνεστάναι
1228 3006 1355 3077 πόλεως.
1404 2999 1439 3066 οἰ)
1469 3005 1527 3088 γάρ

192 3110 254 3178 οἷόν
278 3135 310 3175 τε
334 3114 489 3176 πολιτείαν
512 3114 658 3193 γενέσθαι
682 3115 735 3198 τὴν
760 3108 885 3200 ἀρίστην
910 3111 982 3192 ἄνευ
1006 3117 1178 3198 συμμέτρου
1201 3118 1360 3198 χορηγίας.

303 3228 400 3294 Locis
426 3247 476 3293 ex
509 3227 593 3292 libro
629 3232 745 3307 quarto
777 3226 891 3292 allatis
923 3225 1071 3292 addimus
1101 3246 1199 3292 runum
1230 3245 1270 3292 ex
1299 3225 1384 3291 libro
1413 3224 1527 3308 quinio

191 3354 220 3416 p.
243 3336 398 3400 1310212
423 3341 560 3422 μέγιστον
586 3335 619 3397 δὲ
642 3339 762 3398 πάντων
786 3345 845 3398 τῶν
870 3332 1036 3421 εἰρημένων
1061 3339 1136 3420 πρὸς
1152 3339 1184 3399 τὸ
1201 3332 1352 3419 διαμένειν
1368 3337 1424 3408 τάς
1438 3337 1527 3398 πολι-

190 3450 286 3520 τείας,
326 3439 362 3507 οδ
401 3453 451 3507 νῶν
488 3441 667 3526 ὀλιγωροῦσι
702 3446 822 3518 πάντες,
859 3445 892 3506 τὸ
927 3442 1130 3507 παιδευεσδαι
1165 3445 1241 3526 πρὸς
1274 3445 1329 3514 τάς
1362 3443 1524 3515 πολιτείας.

191 3551 302 3639 ὄφελος
323 3554 382 3636 γάρ
406 3547 493 3617 οὐδέν
516 3562 574 3616 τῶν
599 3547 840 3638 ὠφελιμωτάτων
865 3555 965 3636 νόμων
988 3555 1042 3615 καὶ
1066 3547 1349 3635 συνδεδοξασμένων
1374 3545 1431 3612 berb
1447 3553 1526 3613 πάν-

189 3682 247 3724 των
272 3670 329 3724 τῶν
353 3657 603 3745 πολιτευομένων,
633 3653 727 3742 εἰμὴ
752 3656 872 3721 ἔσονται
902 3654 1071 3742 εἰθισμένοι
1098 3661 1151 3720 καί
1174 3657 1410 3739 πεπαιδευμένοι
1434 3651 1525 3738 έντη

187 3771 338 3852 πολιτεία,
363 3765 390 3831 εἰ
414 3771 467 3852 μὲν
492 3763 520 3829 οἱ
544 3771 630 3851 νόμοι
654 3765 822 3851 δημοτικοί,
846 3764 1027 3852 δημοτικῶς,
1052 3761 1079 3828 εἰ
1095 3764 1121 3827 δ’
1139 3761 1340 3849 ὀλιγαρχικοί,
1367 3758 1526 3846 ὀλιγαρχι-

189 3886 260 3948 κῶς,
310 3873 405 3958 Quod
434 3872 635 3939 Aristoteles
665 3874 725 3937 hoc
760 3873 829 3938 loco
865 3871 1090 3954 educationem
1120 3887 1294 3953 puerorum
1326 3865 1527 3948 reipublicae
1559 3921 1563 3930 .

190 3980 314 4046 formae
338 3980 610 4046 accommodatam
634 3979 809 4060 plurimum
834 3980 875 4045 ad
892 3978 1123 4060 rempublicam
1140 3975 1396 4043 conservandam
1413 3972 1523 4040 valere
1583 3967 1587 3975 ’

190 4089 281 4166 dicit,
306 4087 381 4154 inde
405 4087 503 4153 facile
526 4087 857 4169 aliquissuspicetur
879 4105 951 4151 eum
976 4085 1011 4152 in
1035 4085 1173 4167 septimo
1196 4083 1295 4149 buius
1319 4080 1425 4164 quinti
1448 4078 1526 4146 libri
1557 4069 1560 4074 ’

191 4196 316 4278 capite,
341 4196 461 4276 inquo
486 4214 554 4272 reS,
589 4193 707 4276 quibus
738 4193 923 4276 respublica
959 4197 1182 4270 sustentetur,
1218 4186 1451 4272 pertractavit,
1486 4187 1526 4252 de

190 4304 383 4372 educatione
407 4292 533 4384 quoque
557 4301 762 4368 disseruisse.
803 4303 851 4366 At
876 4301 999 4366 multus
1022 4299 1079 4364 illo
1103 4289 1247 4364 loco'est
1270 4297 1305 4362 in
1329 4295 1414 4373 aliis,
1440 4312 1524 4376 quae

191 4412 422 4497 rempublicam
445 4410 627 4493 stabiliant,
652 4412 751 4475 rebus
776 4406 1018 4490 persequendis,
1041 4405 1266 4472 educationem
1282 4421 1418 4486 prorsus
1434 4419 1525 4483 prae·

190 4521 355 4588 termittit.
394 4518 602 4600 Itaqueiam
626 4517 795 4599 superiore
818 4513 927 4594 aliquo
951 4514 1021 4580 loco
1045 4515 1129 4579 hanc
1152 4529 1221 4578 rem
1245 4510 1427 4592 expositam
1450 4527 1524 4575 esso

298 4735 317 4805 l)
336 4735 410 4792 Cani.
423 4753 449 4804 p.
460 4735 566 4790 132625
579 4740 614 4804 τῷ
627 4731 761 4806 νομοθέτῃ
777 4728 816 4782 δεῖ
828 4730 877 4802 τὴν
892 4726 990 4782 οἰκείαν
1004 4727 1073 4800 δλην
1087 4725 1214 4797 ὑπάρχειν
1228 4721 1386 4796 ἐπιτηδείως
1400 4703 1523 4794 ἐχουσαν.

216 4852 432 4899 commenuuonos
445 4850 615 4906 phllologlcoe.
1347 4851 1366 4908 g
