3640 5536
481 460 521 512 De
540 477 608 514 novo
627 476 725 528 paeane
744 459 771 512 in
788 459 916 513 honorem
936 459 1086 528 Aesculapii
1104 460 1180 515 facto.
1478 463 1496 526 7

164 655 301 721 Traiani
319 655 468 722 dedicato
484 675 525 721 nc
541 659 640 722 verbo
658 657 785 738 quidem
803 656 1011 739 imperatoris
1028 657 1210 724 Romanive
1230 657 1358 740 imperii
1376 657 1497 723 mentio

55 817 58 823 .
164 763 252 828 sacta
275 765 343 840 est;
368 761 401 826 id
419 769 525 828 autem
544 764 600 828 vix
623 764 746 828 lactum
770 781 844 828 esse
867 764 967 838 dicas,
993 763 1021 829 si
1046 764 1099 828 hic
1123 765 1262 847 hymnus
1286 772 1365 830 tunc
1388 765 1496 846 ipsum

165 889 277 936 recens
289 876 450 951 ‚paucius
477 890 539 936 uon
558 881 652 937 vetus
671 890 711 936 ex
729 870 859 936 scriniis
877 871 1080 936 aedituorum
1099 874 1367 953 sacerdotumque
1390 873 1495 938 denuo

164 985 351 1060 protractus
376 983 472 1043 esset.
519 979 675 1050 Sermone
699 978 805 1044 utitur
828 979 963 1060 paeanis
988 987 1101 1044 auctor
1117 978 1227 1062 lyrico,
1252 979 1300 1044 ita
1323 983 1433 1044 tamen
1458 984 1496 1044 ut

165 1087 266 1150 verba
291 1085 432 1166 undique
465 1092 633 1151 mutuetur
663 1085 969 1166 nequedialectum
1003 1093 1125 1151 certam
1151 1092 1323 1167 sequatur,
1358 1085 1391 1150 id
1415 1086 1499 1167 quod

165 1193 294 1258 doricae
318 1192 440 1258 formae
464 1205 511 1278 τοί,
541 1195 613 1278 τᾷδε
637 1191 745 1271 ἵλαος,
779 1191 946 1279 ἁμετέραν,
978 1198 1059 1281 φάος
1083 1191 1189 1258 ἀελίου
1222 1192 1402 1274 permixtae
1426 1212 1497 1258 curn

165 1300 277 1366 atticis
303 1303 500 1388 Ἀσκληπιόν,
525 1299 682 1389 Λητοίδην
707 1299 789 1366 satis
814 1303 1032 1381 comprobant.

277 1437 409 1502 Poetam
436 1444 560 1513 autem,
593 1435 621 1499 si
645 1441 760 1517 poetae
784 1434 913 1500 nomine
936 1435 1053 1518 dignus
1078 1443 1144 1509 est.
1174 1433 1409 1500 Alexandrinis
1442 1454 1499 1500 an-

167 1543 337 1624 tiquiorem
363 1563 425 1608 non
452 1562 522 1607 esse
548 1543 641 1607 docet
665 1550 913 1608 commemorata
937 1561 1034 1607 versu
1060 1545 1102 1606 ῗδ
1123 1541 1311 1625 Ptolomais,
1334 1543 1375 1606 ad
1400 1560 1496 1622 quam
1522 1617 1531 1633 ἡ

167 1653 278 1716 urbem
295 1652 367 1736 ogda
380 1653 468 1715 πόλει
485 1657 632 1731 spectare
650 1650 713 1715 iam
731 1669 831 1730 supra
847 1649 929 1725 dixi;
950 1651 1032 1714 hauc
1046 1649 1130 1714 enim
1152 1655 1262 1716 urbem
1280 1649 1499 1715 aPtolemaeo

167 1758 281 1823 Sotere
313 1757 475 1823 conditam
511 1776 584 1822 esse
615 1762 759 1822 testatur
783 1756 982 1840 epigramma
1014 1755 1284 1824 OJG1114925
1310 1787 1350 1813 =
1379 1755 1499 1821 Kaibel

165 1864 278 1948 Epigr.
304 1885 345 1930 ex
368 1866 429 1947 lap.
454 1865 524 1930 coll.
551 1866 616 1931 982

870 2001 907 2087 ἣν
933 1999 1091 2065 ἐπόλισσεν

558 2095 664 2192 Σωτὴρ
689 2103 847 2193 Ἑλλήνων
873 2105 1040 2189 Νιλογενὲς
1063 2105 1188 2193 τέμενος

280 2241 450 2307 Communi
467 2261 544 2306 vero
561 2250 594 2304 et
611 2241 690 2305 trito
716 2260 864 2306 sermone
882 2243 965 2306 tales
982 2249 1095 2323 poetas
1119 2242 1168 2307 uti
1186 2243 1290 2307 solere
1314 2239 1500 2306 accuratius
1581 2225 1587 2238 ’

166 2350 354 2414 illustratur
390 2348 454 2413 alic
491 2348 623 2429 paeanis
660 2347 843 2430 fragmento
878 2349 963 2414 OJA
998 2350 1014 2413 Ι
1041 2352 1141 2427 llic,
1178 2349 1261 2429 quod
1296 2347 1404 2412 simile
1439 2356 1498 2423 est,

168 2464 203 2520 ut
220 2456 282 2520 iam
302 2454 421 2519 Kaibel
440 2456 459 2519 l.
479 2474 503 2519 c.
525 2474 574 2536 pg.
594 2458 658 2520 ‘210
675 2455 919 2532 animadvertit,
938 2457 1053 2537 praeoni
1072 2457 1278 2531 Atheniensi,
1298 2453 1498 2520 simillimum

167 2571 275 2628 autem
302 2562 376 2627 huic
400 2562 608 2627 Ptolemensi.
662 2563 723 2626 Est
756 2564 836 2629 illud
861 2564 988 2645 quidem
1023 2565 1241 2646 fragmentum
1265 2562 1404 2628 maxime
1434 2581 1500 2627 mu·
1588 2553 1590 2558 ’

168 2670 276 2748 tilam,
309 2671 365 2734 sed
391 2690 501 2752 margo
532 2669 650 2751 lapidis
680 2671 795 2736 dexter
819 2671 894 2736 inde
919 2692 939 2736 a
963 2690 1060 2738 versu
1088 2674 1129 2736 10
1152 2670 1324 2735 incolumis
1349 2677 1501 2736 servatus

167 2779 306 2854 indicat,
343 2797 426 2857 quae
451 2778 484 2841 in
515 2780 615 2842 verba
638 2777 781 2843 exieriut
812 2779 932 2860 singuli
966 2778 1189 2860 inscriptionis
1215 2797 1341 2844 versus.
1390 2777 1500 2862 Quare

167 2906 239 2951 cum
265 2887 351 2952 iuter
376 2889 510 2974 uerbum
527 2884 642 2970 Ὑγιεία
658 2892 700 2966 (v.
721 2888 774 2968 14)
798 2897 831 2951 et
848 2889 1025 2972 caprolaare
1048 2887 1164 2968 (ν.15)
1189 2887 1373 2950 necessario
1398 2890 1500 2949 totam

166 2993 338 3058 iormulam
357 2992 544 3057 sollemnem
561 2992 592 3080 ἰὴ
610 2997 715 3071 παιάν,
738 2992 921 3081 Ἀσκληπιὲ,
938 2995 1047 3079 δαῖμον
1072 2993 1231 3058 excidisse
1248 2999 1384 3071 constet,
1401 2990 1500 3056 etiam

167 3101 200 3165 in
219 3100 294 3165 aliis
311 3099 461 3165 versibus
479 3099 561 3164 satis
578 3119 730 3182 magnum
747 3101 888 3181 spatium
906 3102 945 3165 ad
964 3101 1176 3182 supplendum
1199 3099 1293 3165 uobis
1310 3100 1421 3164 datum
1438 3106 1500 3162 est.

169 3210 290 3289 Magna
313 3207 418 3289 igitur
441 3227 513 3272 cum
537 3208 770 3288 probabilitate
799 3209 952 3273 maiorem
983 3208 1117 3289 paeauis
1142 3215 1266 3289 partem
1300 3207 1369 3271 fere
1394 3205 1427 3270 in
1452 3204 1502 3269 in-

169 3327 297 3397 tegrum
314 3316 490 3380 restituere
515 3335 695 3397 possumus.
736 3319 787 3382 En
815 3319 923 3400 habes
948 3336 987 3381 ne
1006 3319 1107 3381 verba
1131 3317 1233 3381 multa
1258 3313 1383 3388 faciam,
1410 3311 1500 3377 resti-

143 3415 326 3487 tutionem
352 3443 370 3487 a
395 3443 446 3488 me
470 3422 704 3505 excogitatam:

437 3557 497 3623 Ξὺν
523 3558 685 3643 &paulato
710 3557 831 3641 εὐαογεῐ
856 3558 930 3644 'igal
957 3566 1006 3644 einp
1028 3558 1060 3646 ἰὴ
1087 3560 1190 3642 [παιάν

526 3664 716 3753 Ἀσκληπιὸν
740 3668 800 3750 δαί]
828 3689 905 3751 μονα
929 3668 1032 3731 κλεινό
1058 3667 1155 3749 [rator

529 3771 556 3837 ’a
581 3779 674 3838 παιάν
699 3777 760 3858 τοῦ]
787 3776 897 3839 δὲκαὶ
921 3773 1006 3855 ἐξεγέ

436 3903 520 3944 νοντο
546 3880 687 3966 Μαχάων
712 3887 765 3946 καί
789 3885 797 3966 i
823 3881 1029 3965 Ποδαλείριος
1055 3879 1113 3967 [ἠδ’

436 3985 525 4048 Ἰασὼ
552 3985 673 4052 'Auscii
697 4013 728 4051 τε
753 3991 783 4072 a]
809 3990 969 4057 ολὺλλιτοτ
992 3987 1016 4051 ὦ
1042 3985 1078 4071 [ἱὲ
1103 3989 1196 4050 παιάν

438 4090 538 4180 Αἴγλη
564 4097 588 4157 τ’
614 4093 755 4180 edurata]
782 4095 806 4159 Ξ
832 4095 960 4158 ΙΙανάιιε
986 4096 1028 4178 [ια
1052 4118 1083 4158 τε

438 4199 586 4287 Ἠπιόνης
609 4203 717 4272 παῖδες
740 4205 748 4286 i
773 4202 846 4286 §loir
871 4200 973 4282 ἀγακλ
998 4203 1066 4286 [τιτῷ

531 4306 652 4391 edocati
677 4307 794 4394 Ύγιείοι
817 4313 825 4393 ]
850 4308 881 4395 ἰὴ
906 4313 1000 4373 παιάν

441 4415 623 4503 Ἀσκληπιέ,
648 4419 758 4502 δαῖμον
781 4420 809 4501 ιι]
835 4418 989 4480 λεινὸτατε
1015 4412 1041 4478 ἱὲ
1066 4417 1170 4498 [παιάν

436 4522 527 4610 χαῖρέ
553 4548 602 4610 μοι
626 4523 691 4609 ila]
717 4547 751 4598 ος
775 4522 936 4589 δ’ἐπινίσεο

440 4631 589 4717 ἁμετέραν
616 4635 703 4698 πόλιν
728 4631 809 4717 εὐρὺ]
836 4653 930 4718 χορον
953 4628 990 4706 id,
1015 4629 1040 4694 ὦ
1063 4629 1090 4693 ἱὲ

439 4744 554 4806 παιάν,
572 4741 624 4810 δὸς
647 4741 674 4804 δ’
699 4738 783 4827 ἡμᾶς
813 4741 934 4825 χαίρον]
963 4760 1020 4811 τας
