3640 5536
313 479 375 542 102
837 479 930 534 Franc.
949 481 1005 534 dos,
1024 481 1108 550 Engel

420 677 527 740 Multo
551 675 679 740 facilior
703 683 737 740 et
759 666 961 758 probabilior
985 684 1036 743 est
1060 680 1150 760 prior
1169 681 1362 747 entendandi
1383 683 1469 747 ratio
1495 703 1515 747 a
1542 684 1638 764 Spen-

308 783 393 865 gelio
418 783 597 864 proposita,
633 792 671 849 ut
701 787 801 850 verba
825 785 844 872 ἢ
868 790 1012 870 riparum
1036 806 1169 868 prorsus
1194 788 1357 853 eiciamus
1406 789 1536 853 Etenim
1563 790 1641 855 Ari-

308 892 452 968 stoteles
479 900 514 955 ut
532 891 595 956 iarn
613 909 712 973 snpra
736 892 886 968 diximus
912 894 1117 976 tyrannidem
1144 895 1247 975 ipsam
1271 914 1396 976 quoquc
1420 898 1539 960 babere,
1564 898 1640 961 diffi-

306 999 445 1063 cultates
470 999 682 1078 sequentibus
707 999 817 1064 verbis
835 1005 914 1065 adeo
931 1020 994 1065 non
1020 1003 1145 1082 probat,
1172 1009 1218 1081 ut,
1243 1010 1408 1083 tamquam
1425 1004 1513 1069 inter
1530 1024 1640 1069 omnes

307 1107 366 1170 lroo
390 1106 517 1186 quidem
542 1112 685 1187 constet,
714 1106 779 1185 eie,
810 1127 893 1189 quae
917 1115 1078 1190 tyrannus
1102 1089 1196 1186 lacit,
1234 1119 1349 1175 utatur
1378 1113 1420 1176 ad
1443 1111 1639 1176 reiciendam

308 1213 410 1294 plebis
440 1232 565 1294 quoque
590 1213 850 1280 dominationem.
900 1215 1004 1297 Atqui
1036 1215 1192 1295 siquidem
1225 1219 1284 1281 boc
1315 1216 1384 1283 loco
1413 1227 1486 1283 erat
1517 1219 1640 1298 qnaesi-

309 1329 418 1399 turus,
454 1340 528 1385 num
554 1326 720 1402 oporteret
744 1328 918 1403 tyrannum
945 1342 1101 1387 summam
1131 1343 1240 1388 rerum
1263 1324 1297 1388 in
1323 1325 1459 1391 civitate
1482 1325 1640 1408 obtinere,

306 1429 451 1509 profecto
482 1447 552 1492 cum
585 1428 619 1492 in
644 1428 782 1510 singulis
813 1429 938 1510 politiis
970 1430 1194 1496 examinandis
1222 1451 1357 1513 prorsus
1387 1435 1496 1498 eodem
1527 1434 1641 1498 ordine

309 1541 433 1614 utatur,
457 1554 518 1616 quo
543 1536 676 1600 ineunte
701 1535 807 1616 capite
831 1537 1055 1612 enumeravit,
1082 1548 1154 1618 post
1178 1541 1280 1606 verba
1304 1537 1373 1603 ἀλλ’
1398 1541 1441 1604 ἔτι
1464 1551 1551 1604 τοῦτο
1575 1536 1640 1606 ὀλι-Ι

305 1648 534 1730 γαρχικώτερον
557 1647 600 1729 (v.
627 1645 683 1726 34)
707 1644 874 1709 dicendum
901 1644 930 1709 ei
956 1653 1042 1723 erat,
1079 1664 1237 1725 quaenam
1262 1665 1302 1710 ex
1327 1647 1502 1729 tyrannide
1526 1648 1642 1714 civila-

306 1751 395 1816 tibus
419 1750 551 1817 evenire
575 1751 725 1816 solerent.

420 1859 541 1924 Verum
570 1859 629 1922 hoo
654 1858 797 1938 quidem,
830 1858 859 1922 si
883 1861 1069 1924 accuratius
1094 1859 1389 1939 considerabimus
1422 1863 1551 1927 omnino
1576 1881 1639 1928 non

307 1970 380 2030 erat
403 1984 498 2046 opuS,
530 1984 568 2029 ac
592 1983 632 2030 ne
656 1965 857 2030 Aristoteles
887 1965 1012 2045 quidem
1040 1984 1120 2046 opus
1153 1985 1223 2031 csse
1255 1968 1402 2048 putavit,
1434 1970 1467 2034 id
1491 1971 1575 2050 quod
1600 1990 1640 2034 ex

308 2092 360 2139 vv.
386 2075 425 2138 21
453 2091 520 2153 sqq,
547 2073 721 2152 dequibus
746 2072 810 2136 iam
834 2073 995 2149 diximus,
1021 2074 1103 2137 satis
1128 2082 1273 2154 apparet.
1322 2076 1453 2140 Etenim
1479 2095 1549 2141 curn
1575 2097 1638 2141 non

306 2180 398 2244 modo
423 2178 535 2260 optimi
559 2179 705 2244 homiues
730 2185 763 2244 et
787 2178 927 2259 optimus
954 2180 1014 2258 vir,
1039 2183 1093 2244 sed
1119 2181 1217 2246 etiam
1243 2181 1334 2262 plebs
1358 2202 1396 2247 ao
1419 2183 1540 2250 divites
1563 2203 1640 2248 cau-

306 2305 372 2351 sam
399 2286 540 2366 aliquam
564 2286 592 2350 si
617 2306 679 2351 non
704 2287 816 2367 plane,
854 2293 962 2351 tamen
994 2287 1202 2368 aliquatenus
1227 2289 1361 2367 iustam,
1401 2309 1458 2355 cur
1482 2310 1640 2355 summam

304 2393 433 2475 imperii
449 2400 615 2474 appetant,
630 2392 746 2458 afferre
762 2394 889 2474 possint
904 2397 1046 2475 (128028
1065 2413 1111 2476 sq.
1130 2403 1162 2459 et
1179 2398 1244 2477 27),
1262 2401 1423 2477 tyrannus
1441 2396 1523 2461 nihil
1541 2399 1640 2462 babet

304 2501 414 2577 insti‚.
430 2520 492 2582 qno
517 2520 606 2566 suam
632 2519 760 2565 causam
787 2499 948 2564 defendat.
973 2503 1075 2566 Immo
1102 2501 1300 2566 Aristoteles
1325 2521 1389 2566 non
1413 2503 1544 2567 dubitat
1568 2523 1638 2568 curn

306 2610 339 2673 in
364 2608 445 2690 ipsis
470 2607 625 2673 maleficis
647 2626 820 2672 numerare
843 2610 955 2688 (latr
970 2610 1011 2672 16
1028 2607 1107 2692 sqq).
1155 2608 1228 2693 Qua
1245 2610 1283 2673 de
1300 2627 1406 2682 causa,
1426 2611 1541 2674 mirum
1560 2630 1639 2675 sane

305 2714 438 2780 lecisset
461 2715 677 2794 Aristoteles,
710 2715 738 2780 si
770 2733 900 2779 oausam
931 2714 1117 2799 tyrannidis
1148 2734 1281 2796 prorsus
1313 2715 1402 2779 illam
1430 2717 1638 2807 'desperatam

306 2823 516 2888 nihilominus
548 2842 618 2888 cunr
653 2823 770 2887 ceteris
801 2821 973 2887 civitatum
1005 2822 1118 2888 formis
1147 2823 1240 2904 quasi
1272 2822 1305 2887 in
1339 2824 1473 2888 eandem
1506 2843 1638 2890 arenam

306 2929 458 2996 misisset.
491 2947 492 2952 ’

415 3036 564 3119 Denique
596 3042 763 3117 postquam
795 3036 995 3101 Aristoteles
1026 3035 1208 3116 quaesivit,
1245 3044 1453 3118 oporteretne
1483 3037 1637 3118 optimum

305 3144 411 3209 virum
432 3163 588 3208 summam
606 3163 713 3208 rerum
728 3143 886 3218 obtinere,
905 3144 943 3208 de
961 3143 1134 3225 tyrannide
1147 3143 1211 3209 iam
1229 3144 1310 3208 nihil
1326 3152 1407 3220 erat,
1426 3146 1510 3226 quod
1528 3145 1638 3209 etiam-

306 3258 372 3315 tum
404 3256 584 3331 quaercret.
635 3256 705 3315 Aut
734 3250 818 3314 enim
851 3251 932 3315 utile
964 3258 1015 3315 est
1038 3251 1194 3332 optimum
1224 3251 1330 3317 virum
1363 3271 1435 3316 esse
1459 3252 1639 3317 dominum:

306 3359 369 3422 iarn
395 3377 456 3422 non
482 3377 561 3439 opus
585 3365 637 3422 est
661 3357 794 3439 tyranni
819 3357 969 3438 imperio;
995 3365 1053 3423 aut
1070 3359 1181 3438 optimi
1192 3350 1266 3423 'viri
1289 3358 1459 3440 imperinm
1478 3366 1514 3424 ut
1531 3366 1639 3424 cetera

306 3465 413 3531 omrria
436 3464 625 3529 difficultate
650 3465 759 3546 aliqua
784 3465 930 3532 laborat:
954 3465 1017 3530 ianr
1043 3465 1176 3548 tyranni
1194 3486 1318 3546 qnoque
1336 3467 1522 3533 dominatio.
1553 3469 1638 3532 Nam

306 3572 383 3637 licet
406 3571 529 3653 optima
552 3571 612 3654 sit,
640 3591 703 3636 non
729 3579 837 3637 tamen
863 3573 1050 3638 meliorest
1074 3592 1170 3652 quam
1195 3573 1223 3639 si
1247 3574 1388 3655 optimus
1413 3575 1466 3640 vir
1490 3574 1638 3640 dominus

306 3680 349 3744 sit
372 3697 490 3744 rerum.

418 3787 503 3853 Sane
527 3785 701 3851 confitetur
725 3787 765 3851 ad
790 3794 986 3867 postremum
1012 3787 1205 3870 Spengelius
1229 3789 1301 3853 fieri
1325 3789 1479 3873 potuisse,
1506 3797 1540 3854 ut
1565 3789 1637 3855 Arl-

226 3959 230 3966 ,
306 3895 441 3959 stoteles
465 3913 575 3957 omncs
600 3893 731 3974 politias
757 3913 946 3958 enumerare
967 3896 1082 3974 vellet;
1110 3896 1225 3977 quain
1246 3916 1280 3960 re
1298 3916 1361 3961 non
1380 3897 1511 3962 liorrisse
1529 3903 1636 3980 tyran-

306 4001 413 4065 nidem
438 4000 568 4065 silentio
593 3999 782 4080 praeterire.
832 4003 880 4065 At
904 4002 994 4067 nulla
1017 4021 1117 4068 causa
1140 4010 1229 4086 erat,
1253 4023 1311 4068 cur
1334 4004 1544 4085 philosophus
1569 4005 1637 4086 ipsc

305 4109 365 4173 hoc
389 4107 520 4172 laceret.
559 4107 666 4170 Multo
692 4107 893 4187 probabilius
917 4114 969 4174 est
993 4109 1205 4190 peripatetico
1230 4109 1339 4175 nescio
1364 4111 1413 4174 cui
1440 4111 1471 4174 in
1498 4115 1635 4174 mentem

308 4215 445 4290 venisse,
472 4223 508 4277 ut
532 4213 717 4294 politiaruur
743 4214 877 4293 seriem,
903 4236 997 4296 quam
1023 4217 1092 4296 ipse
1117 4218 1244 4297 plenam
1268 4223 1491 4299 exspectaret,
1524 4217 1638 4281 adiun-

305 4320 419 4402 gendis
449 4320 515 4384 illis
542 4321 650 4386 uerbis
674 4322 848 4387 clauderet.
898 4323 993 4408 Quod
1023 4325 1062 4388 ad
1090 4325 1270 4390 faciendum
1305 4324 1445 4388 forsitan
1479 4323 1638 4389 adductus

306 4435 356 4492 est
380 4449 408 4495 v.
435 4432 484 4493 21.
536 4428 751 4513 Quamobrem
777 4431 931 4512 Spengali
956 4431 1114 4496 rationem
1149 4433 1197 4496 ita
1226 4432 1290 4496 iam
1315 4434 1432 4515 probo,
1468 4441 1504 4495 ut
1535 4433 1638 4498 verba

306 4535 494 4624 ἢτὸραννον
519 4537 631 4616 spuria
655 4541 694 4602 ob
719 4557 852 4619 eamque
876 4559 1007 4604 causam
1032 4541 1168 4605 delenda
1191 4559 1263 4605 esse
1288 4559 1445 4605 censeam.
