3670 5536
734 466 774 526 llo
793 485 873 528 causa
892 466 1042 542 Polystrati.
1487 463 1550 540 179

217 669 302 751 quod
326 668 432 746 rediit,
454 669 493 735 rd
516 668 650 735 summis
669 667 768 736 'filius
799 668 893 738 effert
915 671 1083 736 laudibus:
1117 689 1253 754 namque
1285 672 1345 736 boc
1371 665 1447 753 ¹ips0
1479 689 1551 736 curn

216 776 423 843 innocentiae
461 794 541 842 suae
578 795 731 859 magnum
770 785 996 860 argumentum
1035 777 1252 859 praestitisse,
1282 797 1351 844 cum
1390 783 1553 844 recentem

219 884 469 950 Atheniensium
486 883 568 948 iram
586 883 619 948 in
637 883 891 967 quadringentos
908 885 1102 951 concitatam
1120 905 1182 950 non
1200 894 1360 951 metueret
1376 890 1409 968 (ξ
1428 888 1468 951 21
1480 885 1551 968 so).

217 992 320 1057 Recte
355 990 501 1072 quidem:
537 1008 639 1071 neque
675 998 782 1056 tamen
819 991 894 1056 inde
925 991 1075 1072 seqnitur
1106 993 1327 1076 Polystratum
1352 992 1481 1058 etiamsi
1506 1011 1551 1058 re·

218 1099 344 1177 diisset,
369 1097 466 1164 etiam
500 1097 533 1162 in
564 1097 684 1163 iudicio
713 1099 752 1163 de
784 1117 821 1164 eo
855 1099 965 1165 habito
1001 1099 1152 1165 adfuisse.
1202 1098 1289 1184 Quid
1312 1098 1397 1165 enim
1433 1100 1551 1177 obstat,

218 1205 389 1288 quominus
420 1211 605 1270 ¹statuamus
639 1205 691 1270 die
723 1205 837 1272 iudicii
868 1227 939 1272 eum
972 1213 1085 1288 utpote
1115 1207 1251 1272 vulnere
1283 1206 1339 1271 illo
1363 1206 1553 1288 impeditum

218 1311 381 1399 ίιπωμοσίομ
404 1312 490 1394 apud
513 1311 636 1377 iudices
661 1311 858 1395 interposita
882 1331 953 1380 sese
977 1331 1160 1393 excusasse,
1186 1320 1294 1378 tamen
1320 1309 1483 1400 ίπωμοσίομ
1507 1333 1553 1404 re

218 1420 304 1486 iacta
326 1422 510 1497 absentem,
542 1438 613 1484 cum
648 1439 740 1484 nemo
771 1419 802 1485 ei
833 1428 891 1485 aut
921 1429 1080 1503 patronus
1113 1427 1175 1486 aut
1194 1415 1293 1486 testis
1318 1423 1456 1494 adesset,
1482 1439 1553 1485 con·

216 1528 404 1592 demnatum
428 1530 525 1592 esse‘?
556 1526 619 1591 Oui
643 1527 690 1591 rei
716 1527 869 1593 convenit
892 1529 975 1608 qtrod
1000 1527 1132 1593 additur
1154 1532 1175 1608 ξ
1202 1529 1241 1593 18
1266 1540 1306 1613 τῷ
1331 1531 1467 1614 μὲνγὰρ
1491 1524 1552 1592 ουδ’

218 1634 313 1705 εἴτις
336 1633 402 1720 εἶχε
428 1639 604 1720 μαρτυρίαν,
638 1633 800 1722 ἐμαρτάρει
833 1637 884 1699 διὰ
915 1640 948 1700 τὸ
980 1636 1049 1705 δέος
1079 1647 1137 1702 τῶν
1160 1641 1355 1722 κατηγάρων;
1385 1634 1440 1716 qui
1469 1635 1554 1699 enirn

219 1742 341 1806 desua
366 1741 435 1822 ipse
460 1741 567 1828 salute
592 1742 765 1823 desperare
789 1741 973 1818 videbatur,
1003 1761 1074 1807 cum
1108 1761 1263 1824 praesens
1289 1743 1322 1807 in
1347 1742 1466 1813 iudicio
1490 1761 1554 1807 non

219 1855 315 1925 esset,
341 1867 382 1914 ne
406 1856 509 1914 testes
533 1848 661 1930 quidem
686 1848 782 1915 facile
806 1848 1006 1915 inveniebat.

330 1953 425 2040 Quod
449 1964 559 2021 autern
583 1975 623 2021 ex
647 1955 759 2020 verbis
783 1953 870 2030 οὗτος
893 1952 927 2020 δὲ
951 1953 1019 2042 ὑμῖν
1044 1957 1130 2044 δίκην
1155 1956 1285 2024 δέδωκεν
1315 1962 1335 2040 ξ
1360 1959 1401 2022 22
1432 1957 1556 2022 efficere

220 2049 395 2127 voluerunt
418 2068 622 2143 praesentem
641 2064 865 2146 Polystratum
884 2065 969 2145 apud
985 2064 1109 2130 iudices
1125 2083 1255 2130 cansam
1274 2064 1414 2130 dixisse:
1436 2064 1556 2129 locutio

220 2171 306 2257 δίκην
331 2172 436 2235 δουναι
459 2169 541 2234 nibil
566 2170 654 2235 alind
680 2169 844 2253 significat
874 2171 938 2236 nisi
964 2169 1094 2252 ‘poenas
1118 2172 1224 2237 dare’:
1256 2189 1356 2253 eoque
1389 2189 1485 2236 sensu
1517 2172 1556 2235 de
1640 2190 1646 2204 ·

221 2295 277 2340 reo
310 2277 521 2341 condemnato
557 2277 641 2342 solet
677 2277 837 2360 usurpari.
886 2278 1029 2361 Lysiaca
1064 2279 1212 2360 exempla
1247 2277 1436 2360 apposuisse
1472 2277 1556 2342 satis

221 2383 300 2450 erit:
338 2385 373 2459 3,
398 2385 442 2449 42
473 2383 544 2450 ἀλλ’
569 2383 635 2449 ὅσοι
665 2385 938 2470 ἐπιβυυλευσαντες
968 2383 1261 2459 άποκτεῖναίτινας
1291 2385 1443 2469 ἔτρωσαν,
1477 2384 1556 2451 ἀπο-

220 2499 334 2554 κτεῖναι
357 2489 391 2552 δὲ
414 2486 471 2554 οὐκ
491 2487 703 2577 ἠδυνήθησαν,
727 2497 797 2576 περὶ
821 2503 878 2557 των
902 2495 1043 2556 τοιουτων
1067 2495 1121 2564 τάς
1144 2497 1299 2576 τιμωρίας.
1314 2489 1391 2556 οὕτω
1416 2496 1555 2580 μεγάλας

219 2602 455 2684 κατεστήσαντο,
480 2595 642 2684 ήγοάμενοι
666 2595 741 2684 θπὲρ
766 2597 807 2664 ὢν
831 2597 1018 2682 ἐβυθλευσαν
1042 2604 1096 2664 καὶ
1119 2595 1367 2687 προύνοήθησαν,
1393 2597 1468 2686 δπὲρ
1485 2604 1555 2665 τοί)-

219 2728 276 2770 των
304 2710 470 2792 προσήκειν
499 2704 602 2776 αὐτοῖς
630 2704 720 2793 δίκην
751 2707 874 2784 δουναι,
910 2725 972 2787 quo
1000 2705 1070 2770 loco
1101 2705 1197 2770 facile
1231 2706 1434 2790 intellegitur
1467 2709 1554 2795 δίκην

219 2813 324 2876 δοῦναι
359 2811 401 2876 ad
432 2819 578 2906 τιμωρίας
608 2809 686 2877 odron
718 2816 857 2899 μεγάλας
897 2817 1124 2900 κατεστήσαντο
1160 2812 1330 2895 respicere.
1384 2816 1413 2889 l,
1440 2816 1460 2879 6
1491 2826 1555 2885 πῶς

219 2917 256 2985 ἂν
288 2919 413 2993 δικαίως
442 2905 517 3004 ὑπὲρ
547 2932 605 2984 τῶν
634 2930 670 3005 τη
708 2922 796 2984 πόλει
827 2925 1036 3007 γεγενημένων
1068 2931 1230 3008 συμφορῶν
1272 2919 1330 3002 ἐγὼ
1364 2926 1427 2986 νυνὶ
1467 2923 1554 3009 δίκην

219 3027 349 3115 διδοίην;
388 3029 445 3104 12,
472 3027 513 3090 35
543 3025 564 3113 ἢ
588 3027 675 3114 δίκην
699 3026 845 3090 δώσουσιν
870 3024 911 3091 ὧν
935 3023 972 3091 ἂν
997 3024 1205 3111 ἐξαμάρτωσιν
1229 3025 1249 3114 ἢ
1274 3026 1442 3110 πράξαντες
1466 3081 1494 3099 ..
1514 3026 1554 3093 ὧν

219 3132 354 3222 ἐφίενται
377 3137 515 3218 τυραννυι
540 3185 570 3198 ..
596 3133 724 3198 ἔσονται.
772 3134 882 3211 XXV,
912 3137 947 3198 11
982 3131 1136 3222 ὀφείλεται
1164 3131 1266 3208 αὐτοῖς
1297 3140 1388 3222 χάριν
1422 3141 1555 3222 κομίσα-

219 3244 295 3306 σθαι
319 3293 351 3306 ..
377 3243 495 3327 μᾶλλον
519 3239 539 3328 ἢ
563 3241 669 3306 δουναι
692 3242 779 3329 δίκην
803 3254 860 3307 τῶν
884 3241 1112 3328 πεπραγμένων.

329 3349 401 3415 Nec
425 3347 528 3430 magis
552 3367 590 3412 ea
614 3367 697 3429 quae
721 3356 902 3430 sequuntur
932 3353 1078 3414 πιστευων
1112 3345 1192 3434 αυτῷ
1223 3349 1317 3436 μηδὲν
1340 3348 1552 3437 ἡμαρτῆσθαι,

220 3455 289 3523 ἀλλ’
316 3455 515 3539 ἀγωνιεῖσθαι
541 3453 575 3520 εί)
600 3460 677 3543 μετὰ
700 3468 752 3523 τοῦ
776 3459 895 3522 δικαίου
924 3456 965 3522 ad
995 3475 1125 3522 causam
1158 3457 1388 3540 aPolystralo
1419 3457 1488 3537 ipso
1520 3457 1554 3522 in

220 3563 339 3628 iudicio
370 3563 489 3629 dictam
521 3562 693 3628 referenda
724 3572 817 3629 sunt:
850 3583 932 3646 quae
965 3564 1048 3628 satis
1084 3571 1179 3629 caute
1210 3565 1338 3644 prolata
1369 3565 1400 3628 id
1427 3570 1552 3629 tantum

220 3672 360 3753 probant
383 3671 606 3755 Polystratum
632 3670 755 3737 nullius
780 3654 922 3736 iniuriae
946 3670 1015 3734 sibi·
1034 3671 1196 3736 conscium
1222 3680 1255 3736 et
1280 3691 1379 3736 causa
1403 3690 1463 3737 sua
1493 3670 1553 3736 fre-

222 3785 288 3842 tum
314 3777 447 3856 redisse,
473 3797 545 3842 cum
569 3778 627 3843 alii
653 3797 786 3860 peregre
803 3779 940 3859 profecti
958 3786 1070 3842 essent
1094 3777 1216 3860 (ἐκεῖνοι
1240 3780 1273 3842 δὲ
1293 3785 1556 3864 προκαταγνόντες

222 3896 304 3972 σφῶν
328 3883 426 3951 αὐτῶν
451 3883 566 3950 ἀδικεῖν
591 3885 739 3972 οἴχονται,
763 3883 815 3949 ἵνα
840 3889 881 3973 μή
906 3886 990 3951 δοῖεν
1012 3887 1098 3974 δίκην
1117 3889 1188 3968 21),
1214 3905 1318 3968 neque
1349 3887 1554 3966 refelluntur,

221 3992 248 4056 si
275 3999 347 4073 post
370 3991 510 4058 reditum
535 3992 591 4056 ille
614 3992 647 4057 in
674 3992 792 4058 iudicio
816 3995 934 4057 absens
959 4012 1058 4058 causa
1082 3994 1208 4060 cecidit.

330 4087 445 4180 Neque
464 4100 534 4164 sine
551 4119 649 4165 causa
665 4099 778 4187 ἔρημον
795 4098 884 4164 illum
902 4118 972 4164 esse
984 4100 1169 4165 damnatum
1189 4107 1279 4166 actor
1295 4100 1421 4184 arguit:
1448 4103 1554 4168 minus

219 4207 306 4272 enim
326 4208 530 4290 'gravabatur
550 4207 756 4272 damnat-ione
776 4206 810 4271 in
830 4225 926 4287 quam
947 4215 1080 4287 propter
1098 4209 1278 4273 absentiam
1299 4209 1452 4274 incidisse
1470 4210 1553 4275 vide-

220 4317 328 4392 batur,
354 4333 451 4394 quam
474 4314 504 4378 si
527 4332 682 4396 praesens
699 4313 960 4381 adversariorum
987 4313 1124 4378 crimina
1148 4314 1272 4379 diluere
1297 4333 1359 4379 non
1383 4315 1553 4396 potuisset.

333 4529 403 4594 Iam
438 4529 479 4592 ad
508 4528 645 4594 alteram
677 4526 908 4609 disputationis
941 4536 1072 4592 nostrae
1102 4534 1226 4608 partem
1258 4527 1459 4607 accedimuS,
1492 4547 1555 4608 qna

221 4642 259 4701 ut
281 4644 354 4701 erat
377 4635 578 4717 propositum
604 4635 782 4717 quaeritur,
809 4653 946 4716 quonam
971 4635 1063 4700 modo
1087 4635 1175 4700 inter
1197 4653 1232 4699 se
1256 4636 1451 4700 cohaereant
1467 4637 1556 4718 prior

221 4741 280 4808 illa
304 4762 403 4808 causa
427 4749 524 4824 atque
548 4745 628 4808 baec
654 4743 687 4809 in
711 4763 775 4825 qua
798 4743 985 4809 defenditur
1009 4743 1226 4826 Polystratus

1348 4867 1396 4922 12*
