3640 5536
480 486 520 541 De
539 503 608 541 novo
626 502 726 556 paeane
745 486 772 540 in
790 486 917 540 honorem
936 485 1088 556 Aesculapii
1106 487 1186 544 facio.
1480 490 1502 556 5

169 683 347 749 metiendos
372 701 444 749 esse
467 683 636 766 praecipit.
677 682 765 748 Huic
790 682 974 762 quaestioni
999 683 1106 748 altera
1129 683 1283 767 contigua
1299 690 1359 764 est,
1384 684 1501 766 quibus

169 790 250 856 locis
284 791 412 874 syllaba
446 791 543 873 longa
577 791 649 871 plus
685 789 784 870 spatii
817 808 912 869 quam
946 789 1080 855 duarum
1112 810 1275 856 morarum
1308 793 1438 873 expleat
1467 799 1502 857 et

167 897 288 980 singuli
323 897 458 980 spondei
490 897 556 964 vim
587 895 735 978 dipodiae
767 896 836 962 sive
872 896 1007 961 duorum
1036 898 1152 979 pedum
1188 899 1338 964 habeant.
1386 899 1498 965 Facile

167 1012 275 1070 autem
306 1004 416 1070 induci
445 1004 585 1086 poteris,
623 1012 658 1069 ut
692 1006 750 1069 hoc
780 1002 872 1067 modo
903 1004 1117 1084 pentapodias
1149 1011 1181 1070 et
1205 1005 1379 1086 tripolim,
1417 1025 1499 1086 quae

166 1111 289 1177 rectius
305 1112 457 1177 trimetro
480 1118 514 1176 et
530 1111 670 1176 dimetro
695 1111 977 1194 brachycatalecta
994 1111 1185 1189 nominabis,
1211 1112 1245 1177 in
1263 1112 1498 1196 longitudinem

166 1217 239 1283 illos
265 1219 374 1294 trium,
401 1221 458 1283 hos
482 1219 619 1284 duarum
644 1217 846 1300 dipodiarum
872 1218 1094 1298 producendas
1118 1239 1190 1286 esse
1215 1238 1349 1286 censeas

276 1612 341 1678 Sed
364 1631 436 1678 cum
461 1613 500 1678 de
524 1613 575 1677 his
591 1615 689 1678 rebus
712 1614 803 1679 viros
828 1613 939 1678 doctos
956 1613 1212 1695 scrupulosiores
1236 1614 1341 1680 factos
1357 1612 1495 1693 videam,

165 1721 248 1784 banc
275 1739 340 1784 rem
366 1719 516 1785 omittere
541 1720 645 1784 satius
670 1719 754 1788 drrxi.
814 1721 869 1785 Ad
893 1727 1089 1802 postremum
1115 1721 1261 1786 metricis
1287 1722 1337 1786 his
1355 1721 1499 1802 quaesti-

165 1826 292 1895 unculis
316 1835 522 1909 conspectum
547 1835 723 1892 metrorum
748 1827 851 1892 totius
876 1829 1030 1894 carminis
1056 1829 1205 1895 subicere
1229 1829 1362 1913 placuit.

395 4254 477 4297 'vv
618 4260 681 4296 Lu
771 4257 863 4298 νυ,

270 4333 313 4397 20
397 4363 403 4380 ,
628 4365 634 4382 ,

388 4387 479 4404 -vu
503 4386 595 4404 -υυ
619 4386 710 4404 —vv
734 4394 798 4402 —..

385 4494 476 4511 -υυ
500 4495 591 4512 —vu
615 4500 680 4506 ——
731 4502 757 4508 -
