<?xml version="1.0" encoding="UTF-8"?>
<!DOCTYPE html PUBLIC "-//W3C//DTD XHTML 1.0 Transitional//EN"
    "http://www.w3.org/TR/xhtml1/DTD/xhtml1-transitional.dtd">
<html xmlns="http://www.w3.org/1999/xhtml" xml:lang="en" lang="en">
 <head>
  <title>
</title>
<meta http-equiv="Content-Type" content="text/html;charset=utf-8" />
  <meta name='ocr-system' content='tesseract 3.04.00' />
  <meta name='ocr-capabilities' content='ocr_page ocr_carea ocr_par ocr_line ocrx_word'/>
</head>
<body>
  <div class='ocr_page' id='page_1' title='image "./commentationesp00mngoog_0108.png"; bbox 0 0 3640 5536; ppageno 0'>
   <div class='ocr_carea' id='block_1_1' title="bbox 567 487 1503 556">
    <p class='ocr_par' dir='ltr' id='par_1_1' title="bbox 567 487 1503 556">
     <span class='ocr_line' id='line_1_1' title="bbox 567 487 1503 556; baseline 0.002 -11"><span class='ocrx_word' id='word_1_1' title='bbox 567 491 652 546; x_wconf 82' lang='lat' dir='ltr'><strong>Curae</strong></span> <span class='ocrx_word' id='word_1_2' title='bbox 671 490 776 544; x_wconf 80' lang='lat' dir='ltr'><strong>criticae</strong></span> <span class='ocrx_word' id='word_1_3' title='bbox 794 490 822 543; x_wconf 87' lang='lat' dir='ltr'><strong>in</strong></span> <span class='ocrx_word' id='word_1_4' title='bbox 840 489 990 544; x_wconf 84' lang='lat' dir='ltr'><strong>Aristotelis</strong></span> <span class='ocrx_word' id='word_1_5' title='bbox 1009 487 1126 544; x_wconf 87' lang='lat' dir='ltr'><strong>Politioa.</strong></span> <span class='ocrx_word' id='word_1_6' title='bbox 1446 491 1503 556; x_wconf 88' lang='lat'><strong>101</strong></span> 
     </span>
    </p>
   </div>
   <div class='ocr_carea' id='block_1_2' title="bbox 91 687 1593 4872">
    <p class='ocr_par' dir='ltr' id='par_1_2' title="bbox 91 687 1509 1527">
     <span class='ocr_line' id='line_1_2' title="bbox 141 687 1506 770; baseline -0.002 -15"><span class='ocrx_word' id='word_1_7' title='bbox 141 761 143 766; x_wconf 62' lang='grc'>,</span> <span class='ocrx_word' id='word_1_8' title='bbox 287 690 338 755; x_wconf 90' lang='lat' dir='ltr'><strong>Ac</strong></span> <span class='ocrx_word' id='word_1_9' title='bbox 362 690 552 756; x_wconf 84' lang='lat' dir='ltr'><strong>Leooardus</strong></span> <span class='ocrx_word' id='word_1_10' title='bbox 577 689 703 770; x_wconf 90' lang='lat' dir='ltr'><strong>quidem</strong></span> <span class='ocrx_word' id='word_1_11' title='bbox 729 687 938 770; x_wconf 80' lang='lat' dir='ltr'><strong>Spengelins,</strong></span> <span class='ocrx_word' id='word_1_12' title='bbox 965 687 1018 752; x_wconf 89' lang='lat' dir='ltr'><strong>vir</strong></span> <span class='ocrx_word' id='word_1_13' title='bbox 1048 687 1088 752; x_wconf 93' lang='lat' dir='ltr'><strong>de</strong></span> <span class='ocrx_word' id='word_1_14' title='bbox 1112 687 1295 753; x_wconf 79' lang='lat' dir='ltr'><strong>Aristotele</strong></span> <span class='ocrx_word' id='word_1_15' title='bbox 1326 691 1361 751; x_wconf 87' lang='lat' dir='ltr'><strong>et</strong></span> <span class='ocrx_word' id='word_1_16' title='bbox 1383 687 1506 752; x_wconf 89' lang='lat' dir='ltr'><strong>intelle-</strong></span> 
     </span>
     <span class='ocr_line' id='line_1_3' title="bbox 174 793 1507 881; baseline -0.003 -17"><span class='ocrx_word' id='word_1_17' title='bbox 174 799 279 881; x_wconf 84' lang='lat' dir='ltr'><strong>gendo</strong></span> <span class='ocrx_word' id='word_1_18' title='bbox 311 806 344 863; x_wconf 86' lang='lat' dir='ltr'><strong>et</strong></span> <span class='ocrx_word' id='word_1_19' title='bbox 374 797 572 862; x_wconf 87' lang='lat' dir='ltr'><strong>emendando</strong></span> <span class='ocrx_word' id='word_1_20' title='bbox 603 796 691 860; x_wconf 87' lang='lat' dir='ltr'><strong>inter</strong></span> <span class='ocrx_word' id='word_1_21' title='bbox 726 813 844 876; x_wconf 88' lang='lat' dir='ltr'><strong>paucos</strong></span> <span class='ocrx_word' id='word_1_22' title='bbox 881 793 1035 871; x_wconf 83' lang='lat' dir='ltr'><strong>meritus,</strong></span> <span class='ocrx_word' id='word_1_23' title='bbox 1072 794 1210 860; x_wconf 88' lang='lat' dir='ltr'><strong>coniecit</strong></span> <span class='ocrx_word' id='word_1_24' title='bbox 1242 794 1507 881; x_wconf 85' lang='lat' dir='ltr'><strong>(Aristotelisehe</strong></span> 
     </span>
     <span class='ocr_line' id='line_1_4' title="bbox 174 903 1507 986; baseline -0.005 -14"><span class='ocrx_word' id='word_1_25' title='bbox 174 907 311 972; x_wconf 83' lang='lat' dir='ltr'>Studien</span> <span class='ocrx_word' id='word_1_26' title='bbox 328 905 380 970; x_wconf 91' lang='grc' dir='ltr'><strong>ΙΙΙ</strong></span> <span class='ocrx_word' id='word_1_27' title='bbox 404 907 433 986; x_wconf 89' lang='lat' dir='ltr'><strong>p.</strong></span> <span class='ocrx_word' id='word_1_28' title='bbox 453 907 494 970; x_wconf 80' lang='lat'><strong>‘23</strong></span> <span class='ocrx_word' id='word_1_29' title='bbox 518 905 552 969; x_wconf 92' lang='lat' dir='ltr'><strong>in</strong></span> <span class='ocrx_word' id='word_1_30' title='bbox 578 903 719 984; x_wconf 81' lang='lat' dir='ltr'><strong>Ablrdlg.</strong></span> <span class='ocrx_word' id='word_1_31' title='bbox 738 904 767 968; x_wconf 92' lang='lat' dir='ltr'><strong>d.</strong></span> <span class='ocrx_word' id='word_1_32' title='bbox 787 904 885 985; x_wconf 91' lang='lat' dir='ltr'><strong>Bayr.</strong></span> <span class='ocrx_word' id='word_1_33' title='bbox 903 903 964 966; x_wconf 88' lang='lat' dir='ltr'><strong>Ak.</strong></span> <span class='ocrx_word' id='word_1_34' title='bbox 984 903 1012 968; x_wconf 92' lang='lat' dir='ltr'><strong>d.</strong></span> <span class='ocrx_word' id='word_1_35' title='bbox 1031 903 1084 966; x_wconf 91' lang='lat' dir='ltr'><strong>W.</strong></span> <span class='ocrx_word' id='word_1_36' title='bbox 1113 905 1138 968; x_wconf 93' lang='lat' dir='ltr'><strong>l.</strong></span> <span class='ocrx_word' id='word_1_37' title='bbox 1156 903 1203 968; x_wconf 75' lang='lat' dir='ltr'><strong>(ll.</strong></span> <span class='ocrx_word' id='word_1_38' title='bbox 1230 903 1290 967; x_wconf 91' lang='lat' dir='ltr'><strong>Bd.</strong></span> <span class='ocrx_word' id='word_1_39' title='bbox 1309 903 1371 968; x_wconf 91' lang='lat' dir='ltr'><strong>XI.</strong></span> <span class='ocrx_word' id='word_1_40' title='bbox 1401 903 1507 986; x_wconf 85' lang='grc'>1868.)</span> 
     </span>
     <span class='ocr_line' id='line_1_5' title="bbox 175 1007 1508 1100; baseline -0.003 -21"><span class='ocrx_word' id='word_1_41' title='bbox 175 1016 276 1080; x_wconf 90' lang='lat' dir='ltr'><strong>verba</strong></span> <span class='ocrx_word' id='word_1_42' title='bbox 299 1011 319 1100; x_wconf 85' lang='grc' dir='ltr'>ἢ</span> <span class='ocrx_word' id='word_1_43' title='bbox 344 1015 487 1096; x_wconf 82' lang='grc' dir='ltr'>τυραννον</span> <span class='ocrx_word' id='word_1_44' title='bbox 513 1017 571 1078; x_wconf 88' lang='lat' dir='ltr'><strong>aut</strong></span> <span class='ocrx_word' id='word_1_45' title='bbox 594 1029 728 1092; x_wconf 89' lang='lat' dir='ltr'><strong>prorsus</strong></span> <span class='ocrx_word' id='word_1_46' title='bbox 753 1029 825 1075; x_wconf 89' lang='lat' dir='ltr'><strong>esse</strong></span> <span class='ocrx_word' id='word_1_47' title='bbox 849 1009 1044 1074; x_wconf 83' lang='lat' dir='ltr'>secludenda</span> <span class='ocrx_word' id='word_1_48' title='bbox 1074 1015 1132 1074; x_wconf 84' lang='lat' dir='ltr'><strong>aut</strong></span> <span class='ocrx_word' id='word_1_49' title='bbox 1163 1011 1319 1074; x_wconf 86' lang='lat' dir='ltr'><strong>mutanda</strong></span> <span class='ocrx_word' id='word_1_50' title='bbox 1349 1009 1382 1072; x_wconf 93' lang='lat' dir='ltr'><strong>in</strong></span> <span class='ocrx_word' id='word_1_51' title='bbox 1414 1007 1433 1096; x_wconf 79' lang='grc' dir='ltr'>ἢ</span> <span class='ocrx_word' id='word_1_52' title='bbox 1457 1013 1508 1075; x_wconf 85' lang='grc' dir='ltr'><strong>τὸν</strong></span> 
     </span>
     <span class='ocr_line' id='line_1_6' title="bbox 91 1103 1508 1207; baseline -0.006 -20"><span class='ocrx_word' id='word_1_53' title='bbox 91 1196 94 1202; x_wconf 51' lang='grc'><strong>,</strong></span> <span class='ocrx_word' id='word_1_54' title='bbox 175 1127 276 1207; x_wconf 83' lang='grc' dir='ltr'>νόμον.</span> <span class='ocrx_word' id='word_1_55' title='bbox 327 1119 421 1204; x_wconf 75' lang='lat' dir='ltr'><strong>Quod</strong></span> <span class='ocrx_word' id='word_1_56' title='bbox 446 1119 584 1183; x_wconf 89' lang='lat' dir='ltr'><strong>alterum</strong></span> <span class='ocrx_word' id='word_1_57' title='bbox 612 1126 648 1183; x_wconf 91' lang='lat' dir='ltr'><strong>ut</strong></span> <span class='ocrx_word' id='word_1_58' title='bbox 671 1103 842 1194; x_wconf 84' lang='lat' dir='ltr'><strong>coniceret,</strong></span> <span class='ocrx_word' id='word_1_59' title='bbox 868 1118 1027 1182; x_wconf 89' lang='lat' dir='ltr'><strong>adductus</strong></span> <span class='ocrx_word' id='word_1_60' title='bbox 1052 1124 1103 1182; x_wconf 85' lang='lat' dir='ltr'><strong>est</strong></span> <span class='ocrx_word' id='word_1_61' title='bbox 1127 1136 1173 1195; x_wconf 88' lang='lat' dir='ltr'><strong>eo,</strong></span> <span class='ocrx_word' id='word_1_62' title='bbox 1199 1117 1283 1198; x_wconf 92' lang='lat' dir='ltr'><strong>quod</strong></span> <span class='ocrx_word' id='word_1_63' title='bbox 1310 1115 1508 1181; x_wconf 85' lang='lat' dir='ltr'><strong>Aristoteles</strong></span> 
     </span>
     <span class='ocr_line' id='line_1_7' title="bbox 175 1221 1509 1306; baseline -0.004 -15"><span class='ocrx_word' id='word_1_64' title='bbox 175 1248 205 1294; x_wconf 94' lang='grc' dir='ltr'><strong>ν.</strong></span> <span class='ocrx_word' id='word_1_65' title='bbox 231 1229 284 1306; x_wconf 82' lang='lat'><strong>34,</strong></span> <span class='ocrx_word' id='word_1_66' title='bbox 309 1226 367 1291; x_wconf 89' lang='lat' dir='ltr'><strong>ubi</strong></span> <span class='ocrx_word' id='word_1_67' title='bbox 391 1245 520 1291; x_wconf 88' lang='lat' dir='ltr'><strong>oausam</strong></span> <span class='ocrx_word' id='word_1_68' title='bbox 547 1226 676 1303; x_wconf 87' lang='lat' dir='ltr'><strong>attulit,</strong></span> <span class='ocrx_word' id='word_1_69' title='bbox 709 1244 767 1290; x_wconf 88' lang='lat' dir='ltr'><strong>cur</strong></span> <span class='ocrx_word' id='word_1_70' title='bbox 791 1244 830 1289; x_wconf 92' lang='lat' dir='ltr'><strong>ne</strong></span> <span class='ocrx_word' id='word_1_71' title='bbox 855 1223 968 1305; x_wconf 89' lang='lat' dir='ltr'><strong>optimi</strong></span> <span class='ocrx_word' id='word_1_72' title='bbox 993 1223 1120 1303; x_wconf 88' lang='lat' dir='ltr'><strong>quidem</strong></span> <span class='ocrx_word' id='word_1_73' title='bbox 1145 1223 1210 1289; x_wconf 89' lang='lat' dir='ltr'><strong>viri</strong></span> <span class='ocrx_word' id='word_1_74' title='bbox 1243 1222 1412 1303; x_wconf 89' lang='lat' dir='ltr'><strong>imperium</strong></span> <span class='ocrx_word' id='word_1_75' title='bbox 1429 1221 1509 1298; x_wconf 76' lang='lat' dir='ltr'><strong>sini</strong></span> 
     </span>
     <span class='ocr_line' id='line_1_8' title="bbox 174 1329 1509 1419; baseline -0.004 -21"><span class='ocrx_word' id='word_1_76' title='bbox 174 1334 309 1415; x_wconf 82' lang='lat' dir='ltr'><strong>placeat,</strong></span> <span class='ocrx_word' id='word_1_77' title='bbox 336 1333 485 1414; x_wconf 83' lang='lat' dir='ltr'><strong>perrexit</strong></span> <span class='ocrx_word' id='word_1_78' title='bbox 507 1332 558 1398; x_wconf 87' lang='lat' dir='ltr'><strong>his</strong></span> <span class='ocrx_word' id='word_1_79' title='bbox 584 1332 711 1398; x_wconf 83' lang='lat' dir='ltr'><strong>verbis:</strong></span> <span class='ocrx_word' id='word_1_80' title='bbox 749 1331 819 1397; x_wconf 82' lang='grc' dir='ltr'>ἀλλ’</span> <span class='ocrx_word' id='word_1_81' title='bbox 842 1332 917 1402; x_wconf 79' lang='grc' dir='ltr'>’ίσως</span> <span class='ocrx_word' id='word_1_82' title='bbox 941 1329 977 1396; x_wconf 86' lang='grc' dir='ltr'><strong>ἂν</strong></span> <span class='ocrx_word' id='word_1_83' title='bbox 1002 1337 1077 1419; x_wconf 82' lang='grc' dir='ltr'>φαίη</span> <span class='ocrx_word' id='word_1_84' title='bbox 1102 1354 1146 1402; x_wconf 90' lang='grc' dir='ltr'><strong>τις</strong></span> <span class='ocrx_word' id='word_1_85' title='bbox 1169 1336 1201 1395; x_wconf 87' lang='grc' dir='ltr'><strong>τὸ</strong></span> <span class='ocrx_word' id='word_1_86' title='bbox 1225 1334 1328 1415; x_wconf 84' lang='grc' dir='ltr'>κόριον</span> <span class='ocrx_word' id='word_1_87' title='bbox 1352 1329 1432 1400; x_wconf 76' lang='grc' dir='ltr'>ὀλους</span> <span class='ocrx_word' id='word_1_88' title='bbox 1455 1329 1509 1394; x_wconf 85' lang='grc' dir='ltr'>ὀίν-</span> 
     </span>
     <span class='ocr_line' id='line_1_9' title="bbox 175 1435 1509 1527; baseline -0.004 -22"><span class='ocrx_word' id='word_1_89' title='bbox 175 1446 301 1527; x_wconf 76' lang='grc' dir='ltr'>θρωπον</span> <span class='ocrx_word' id='word_1_90' title='bbox 326 1441 403 1506; x_wconf 83' lang='grc' dir='ltr'>εἶναι</span> <span class='ocrx_word' id='word_1_91' title='bbox 427 1441 538 1526; x_wconf 80' lang='grc' dir='ltr'>ἔχοντά</span> <span class='ocrx_word' id='word_1_92' title='bbox 562 1465 596 1521; x_wconf 82' lang='grc' dir='ltr'><strong>γε</strong></span> <span class='ocrx_word' id='word_1_93' title='bbox 620 1444 657 1504; x_wconf 85' lang='grc' dir='ltr'><strong>τὰ</strong></span> <span class='ocrx_word' id='word_1_94' title='bbox 681 1443 886 1526; x_wconf 80' lang='grc' dir='ltr'>συμβαίνοντα</span> <span class='ocrx_word' id='word_1_95' title='bbox 909 1443 998 1526; x_wconf 78' lang='grc' dir='ltr'>πάθη</span> <span class='ocrx_word' id='word_1_96' title='bbox 1023 1444 1091 1523; x_wconf 84' lang='grc' dir='ltr'>περί</span> <span class='ocrx_word' id='word_1_97' title='bbox 1118 1443 1171 1526; x_wconf 81' lang='grc' dir='ltr'><strong>τὴν</strong></span> <span class='ocrx_word' id='word_1_98' title='bbox 1206 1444 1317 1526; x_wconf 80' lang='grc' dir='ltr'>ψυχήν,</span> <span class='ocrx_word' id='word_1_99' title='bbox 1354 1435 1437 1501; x_wconf 90' lang='grc' dir='ltr'>ἀλλὰ</span> <span class='ocrx_word' id='word_1_100' title='bbox 1468 1440 1509 1523; x_wconf 81' lang='grc' dir='ltr'><strong>μὴ</strong></span> 
     </span>
    </p>

    <p class='ocr_par' dir='ltr' id='par_1_3' title="bbox 105 1535 426 1636">
     <span class='ocr_line' id='line_1_10' title="bbox 105 1535 426 1636; baseline 0 -22"><span class='ocrx_word' id='word_1_101' title='bbox 105 1535 106 1538; x_wconf 19' lang='lat'>¹</span> <span class='ocrx_word' id='word_1_102' title='bbox 175 1552 276 1635; x_wconf 89' lang='grc' dir='ltr'>νόμον,</span> <span class='ocrx_word' id='word_1_103' title='bbox 301 1551 426 1636; x_wconf 81' lang='grc' dir='ltr'>φαῦλον.</span> 
     </span>
    </p>

    <p class='ocr_par' dir='ltr' id='par_1_4' title="bbox 177 1647 1523 1951">
     <span class='ocr_line' id='line_1_11' title="bbox 287 1647 1509 1735; baseline -0.003 -15"><span class='ocrx_word' id='word_1_104' title='bbox 287 1653 397 1720; x_wconf 84' lang='lat' dir='ltr'><strong>Oeteri</strong></span> <span class='ocrx_word' id='word_1_105' title='bbox 435 1654 491 1735; x_wconf 91' lang='lat' dir='ltr'><strong>qui</strong></span> <span class='ocrx_word' id='word_1_106' title='bbox 516 1647 707 1734; x_wconf 88' lang='lat' dir='ltr'><strong>Aristotelis</strong></span> <span class='ocrx_word' id='word_1_107' title='bbox 745 1652 840 1718; x_wconf 91' lang='lat' dir='ltr'><strong>libris</strong></span> <span class='ocrx_word' id='word_1_108' title='bbox 873 1651 1006 1726; x_wconf 82' lang='lat' dir='ltr'><strong>edendis</strong></span> <span class='ocrx_word' id='word_1_109' title='bbox 1042 1651 1339 1718; x_wconf 84' lang='lat' dir='ltr'><strong>commentandisve</strong></span> <span class='ocrx_word' id='word_1_110' title='bbox 1379 1670 1509 1732; x_wconf 84' lang='lat' dir='ltr'><strong>operam</strong></span> 
     </span>
     <span class='ocr_line' id='line_1_12' title="bbox 178 1757 1510 1842; baseline -0.002 -17"><span class='ocrx_word' id='word_1_111' title='bbox 178 1767 350 1838; x_wconf 77' lang='lat' dir='ltr'><strong>naverunt,</strong></span> <span class='ocrx_word' id='word_1_112' title='bbox 378 1766 453 1825; x_wconf 90' lang='lat' dir='ltr'><strong>utra</strong></span> <span class='ocrx_word' id='word_1_113' title='bbox 477 1760 664 1826; x_wconf 85' lang='lat' dir='ltr'><strong>coniectura</strong></span> <span class='ocrx_word' id='word_1_114' title='bbox 688 1759 756 1825; x_wconf 87' lang='lat' dir='ltr'><strong>utri</strong></span> <span class='ocrx_word' id='word_1_115' title='bbox 780 1765 868 1826; x_wconf 86' lang='lat' dir='ltr'><strong>esset</strong></span> <span class='ocrx_word' id='word_1_116' title='bbox 891 1759 1108 1842; x_wconf 84' lang='lat' dir='ltr'><strong>praeferenda</strong></span> <span class='ocrx_word' id='word_1_117' title='bbox 1140 1765 1197 1824; x_wconf 89' lang='lat' dir='ltr'><strong>aut</strong></span> <span class='ocrx_word' id='word_1_118' title='bbox 1220 1764 1349 1825; x_wconf 80' lang='lat' dir='ltr'><strong>essetne</strong></span> <span class='ocrx_word' id='word_1_119' title='bbox 1380 1757 1510 1824; x_wconf 89' lang='lat' dir='ltr'><strong>omnino</strong></span> 
     </span>
     <span class='ocr_line' id='line_1_13' title="bbox 177 1861 1523 1951; baseline -0.002 -17"><span class='ocrx_word' id='word_1_120' title='bbox 177 1869 349 1951; x_wconf 84' lang='lat' dir='ltr'>quidquam</span> <span class='ocrx_word' id='word_1_121' title='bbox 376 1869 575 1945; x_wconf 85' lang='lat' dir='ltr'><strong>mutandum,</strong></span> <span class='ocrx_word' id='word_1_122' title='bbox 600 1867 636 1934; x_wconf 92' lang='lat' dir='ltr'><strong>in</strong></span> <span class='ocrx_word' id='word_1_123' title='bbox 660 1869 764 1934; x_wconf 90' lang='lat' dir='ltr'><strong>medio</strong></span> <span class='ocrx_word' id='word_1_124' title='bbox 789 1867 1001 1949; x_wconf 91' lang='lat' dir='ltr'><strong>reliquerunt.</strong></span> <span class='ocrx_word' id='word_1_125' title='bbox 1521 1861 1523 1870; x_wconf 79' lang='grc'>’</span> 
     </span>
    </p>

    <p class='ocr_par' dir='ltr' id='par_1_5' title="bbox 175 1965 1593 4008">
     <span class='ocr_line' id='line_1_14' title="bbox 288 1965 1510 2068; baseline -0.004 -18"><span class='ocrx_word' id='word_1_126' title='bbox 288 1985 335 2050; x_wconf 89' lang='lat' dir='ltr'><strong>Ut</strong></span> <span class='ocrx_word' id='word_1_127' title='bbox 369 1984 473 2068; x_wconf 85' lang='lat' dir='ltr'><strong>igitur</strong></span> <span class='ocrx_word' id='word_1_128' title='bbox 508 1986 549 2048; x_wconf 88' lang='lat' dir='ltr'><strong>ab</strong></span> <span class='ocrx_word' id='word_1_129' title='bbox 585 1985 690 2050; x_wconf 90' lang='lat' dir='ltr'><strong>altera</strong></span> <span class='ocrx_word' id='word_1_130' title='bbox 725 1983 917 2050; x_wconf 91' lang='lat' dir='ltr'><strong>emendandi</strong></span> <span class='ocrx_word' id='word_1_131' title='bbox 953 1965 1080 2048; x_wconf 86' lang='lat' dir='ltr'><strong>ratione</strong></span> <span class='ocrx_word' id='word_1_132' title='bbox 1112 1981 1238 2061; x_wconf 88' lang='lat' dir='ltr'><strong>ordiar,</strong></span> <span class='ocrx_word' id='word_1_133' title='bbox 1271 1982 1330 2046; x_wconf 90' lang='lat' dir='ltr'><strong>huc</strong></span> <span class='ocrx_word' id='word_1_134' title='bbox 1360 1980 1510 2064; x_wconf 86' lang='lat' dir='ltr'><strong>inprimis</strong></span> 
     </span>
     <span class='ocr_line' id='line_1_15' title="bbox 175 2088 1511 2175; baseline -0.004 -17"><span class='ocrx_word' id='word_1_135' title='bbox 175 2111 297 2169; x_wconf 88' lang='lat' dir='ltr'><strong>moneo,</strong></span> <span class='ocrx_word' id='word_1_136' title='bbox 322 2093 430 2175; x_wconf 83' lang='lat' dir='ltr'><strong>legum</strong></span> <span class='ocrx_word' id='word_1_137' title='bbox 454 2091 590 2173; x_wconf 90' lang='lat' dir='ltr'><strong>imperio</strong></span> <span class='ocrx_word' id='word_1_138' title='bbox 614 2110 678 2156; x_wconf 89' lang='lat' dir='ltr'><strong>non</strong></span> <span class='ocrx_word' id='word_1_139' title='bbox 703 2091 930 2172; x_wconf 87' lang='lat' dir='ltr'><strong>comprehendi</strong></span> <span class='ocrx_word' id='word_1_140' title='bbox 954 2109 1058 2172; x_wconf 83' lang='lat' dir='ltr'><strong>genus</strong></span> <span class='ocrx_word' id='word_1_141' title='bbox 1083 2088 1212 2170; x_wconf 89' lang='lat' dir='ltr'><strong>imperii</strong></span> <span class='ocrx_word' id='word_1_142' title='bbox 1237 2107 1354 2154; x_wconf 88' lang='lat' dir='ltr'><strong>novum</strong></span> <span class='ocrx_word' id='word_1_143' title='bbox 1379 2093 1413 2153; x_wconf 91' lang='lat' dir='ltr'><strong>et</strong></span> <span class='ocrx_word' id='word_1_144' title='bbox 1426 2089 1511 2168; x_wconf 91' lang='lat' dir='ltr'><strong>quod</strong></span> 
     </span>
     <span class='ocr_line' id='line_1_16' title="bbox 176 2195 1509 2282; baseline -0.004 -17"><span class='ocrx_word' id='word_1_145' title='bbox 176 2200 271 2265; x_wconf 87' lang='lat' dir='ltr'><strong>iuxta</strong></span> <span class='ocrx_word' id='word_1_146' title='bbox 294 2199 523 2265; x_wconf 80' lang='lat' dir='ltr'><strong>democratiam</strong></span> <span class='ocrx_word' id='word_1_147' title='bbox 541 2198 753 2282; x_wconf 84' lang='lat' dir='ltr'><strong>eligarchiam</strong></span> <span class='ocrx_word' id='word_1_148' title='bbox 771 2197 1015 2264; x_wconf 83' lang='lat' dir='ltr'><strong>aristocratiam</strong></span> <span class='ocrx_word' id='word_1_149' title='bbox 1031 2197 1251 2262; x_wconf 83' lang='lat' dir='ltr'><strong>monarchiam</strong></span> <span class='ocrx_word' id='word_1_150' title='bbox 1268 2235 1311 2244; x_wconf 76' lang='lat'>-</span> <span class='ocrx_word' id='word_1_151' title='bbox 1328 2201 1366 2261; x_wconf 92' lang='lat' dir='ltr'><strong>ut</strong></span> <span class='ocrx_word' id='word_1_152' title='bbox 1381 2195 1509 2278; x_wconf 83' lang='lat' dir='ltr'><strong>graecis</strong></span> 
     </span>
     <span class='ocr_line' id='line_1_17' title="bbox 177 2304 1510 2388; baseline -0.003 -17"><span class='ocrx_word' id='word_1_153' title='bbox 177 2306 362 2372; x_wconf 89' lang='lat' dir='ltr'><strong>nominibus</strong></span> <span class='ocrx_word' id='word_1_154' title='bbox 386 2307 673 2386; x_wconf 86' lang='lat' dir='ltr'><strong>utar—quintam</strong></span> <span class='ocrx_word' id='word_1_155' title='bbox 698 2305 818 2372; x_wconf 86' lang='lat' dir='ltr'><strong>efficiat</strong></span> <span class='ocrx_word' id='word_1_156' title='bbox 841 2306 1038 2388; x_wconf 88' lang='lat' dir='ltr'><strong>reipublicae</strong></span> <span class='ocrx_word' id='word_1_157' title='bbox 1055 2306 1206 2382; x_wconf 88' lang='lat' dir='ltr'><strong>formam;</strong></span> <span class='ocrx_word' id='word_1_158' title='bbox 1232 2304 1328 2368; x_wconf 90' lang='lat' dir='ltr'><strong>immo</strong></span> <span class='ocrx_word' id='word_1_159' title='bbox 1346 2321 1423 2370; x_wconf 88' lang='lat' dir='ltr'><strong>vero</strong></span> <span class='ocrx_word' id='word_1_160' title='bbox 1438 2322 1510 2367; x_wconf 91' lang='lat' dir='ltr'><strong>cnm</strong></span> 
     </span>
     <span class='ocr_line' id='line_1_18' title="bbox 177 2409 1508 2497; baseline -0.002 -18"><span class='ocrx_word' id='word_1_161' title='bbox 177 2416 285 2497; x_wconf 85' lang='lat' dir='ltr'><strong>legum</strong></span> <span class='ocrx_word' id='word_1_162' title='bbox 310 2414 479 2496; x_wconf 90' lang='lat' dir='ltr'><strong>imperium</strong></span> <span class='ocrx_word' id='word_1_163' title='bbox 503 2414 537 2479; x_wconf 94' lang='lat' dir='ltr'><strong>in</strong></span> <span class='ocrx_word' id='word_1_164' title='bbox 562 2433 755 2495; x_wconf 87' lang='lat' dir='ltr'><strong>unaquaque</strong></span> <span class='ocrx_word' id='word_1_165' title='bbox 780 2433 820 2479; x_wconf 85' lang='lat' dir='ltr'><strong>ex</strong></span> <span class='ocrx_word' id='word_1_166' title='bbox 844 2414 885 2478; x_wconf 89' lang='lat' dir='ltr'><strong>iis</strong></span> <span class='ocrx_word' id='word_1_167' title='bbox 910 2432 990 2493; x_wconf 88' lang='lat' dir='ltr'><strong>quas</strong></span> <span class='ocrx_word' id='word_1_168' title='bbox 1007 2413 1148 2478; x_wconf 86' lang='lat' dir='ltr'><strong>diximus</strong></span> <span class='ocrx_word' id='word_1_169' title='bbox 1165 2411 1289 2493; x_wconf 90' lang='lat' dir='ltr'><strong>politiis</strong></span> <span class='ocrx_word' id='word_1_170' title='bbox 1306 2430 1378 2476; x_wconf 90' lang='lat' dir='ltr'><strong>esse</strong></span> <span class='ocrx_word' id='word_1_171' title='bbox 1395 2409 1508 2491; x_wconf 81' lang='lat' dir='ltr'><strong>possit,</strong></span> 
     </span>
     <span class='ocr_line' id='line_1_19' title="bbox 176 2518 1512 2603; baseline -0.004 -16"><span class='ocrx_word' id='word_1_172' title='bbox 176 2542 214 2587; x_wconf 93' lang='lat' dir='ltr'><strong>ac</strong></span> <span class='ocrx_word' id='word_1_173' title='bbox 238 2540 366 2587; x_wconf 89' lang='lat' dir='ltr'><strong>rursum</strong></span> <span class='ocrx_word' id='word_1_174' title='bbox 391 2522 420 2586; x_wconf 92' lang='lat' dir='ltr'><strong>si</strong></span> <span class='ocrx_word' id='word_1_175' title='bbox 443 2523 496 2586; x_wconf 84' lang='lat' dir='ltr'><strong>lex</strong></span> <span class='ocrx_word' id='word_1_176' title='bbox 521 2521 651 2588; x_wconf 87' lang='lat' dir='ltr'><strong>domina</strong></span> <span class='ocrx_word' id='word_1_177' title='bbox 675 2522 735 2601; x_wconf 79' lang='lat' dir='ltr'><strong>sit,</strong></span> <span class='ocrx_word' id='word_1_178' title='bbox 773 2527 922 2603; x_wconf 86' lang='lat' dir='ltr'><strong>oporteat</strong></span> <span class='ocrx_word' id='word_1_179' title='bbox 956 2519 1036 2586; x_wconf 82' lang='lat' dir='ltr'><strong>ferri</strong></span> <span class='ocrx_word' id='word_1_180' title='bbox 1066 2522 1150 2585; x_wconf 85' lang='lat' dir='ltr'><strong>hano</strong></span> <span class='ocrx_word' id='word_1_181' title='bbox 1179 2527 1213 2584; x_wconf 91' lang='lat' dir='ltr'><strong>et</strong></span> <span class='ocrx_word' id='word_1_182' title='bbox 1244 2518 1372 2584; x_wconf 86' lang='lat' dir='ltr'><strong>defendi</strong></span> <span class='ocrx_word' id='word_1_183' title='bbox 1403 2523 1462 2583; x_wconf 90' lang='lat' dir='ltr'><strong>aut</strong></span> <span class='ocrx_word' id='word_1_184' title='bbox 1493 2538 1512 2583; x_wconf 94' lang='lat' dir='ltr'><strong>a</strong></span> 
     </span>
     <span class='ocr_line' id='line_1_20' title="bbox 176 2625 1511 2711; baseline -0.003 -17"><span class='ocrx_word' id='word_1_185' title='bbox 176 2631 270 2711; x_wconf 89' lang='lat' dir='ltr'><strong>plebe</strong></span> <span class='ocrx_word' id='word_1_186' title='bbox 294 2638 352 2696; x_wconf 88' lang='lat' dir='ltr'><strong>aut</strong></span> <span class='ocrx_word' id='word_1_187' title='bbox 375 2649 395 2695; x_wconf 91' lang='lat' dir='ltr'><strong>a</strong></span> <span class='ocrx_word' id='word_1_188' title='bbox 418 2629 578 2695; x_wconf 85' lang='lat' dir='ltr'><strong>divitibus</strong></span> <span class='ocrx_word' id='word_1_189' title='bbox 603 2636 661 2695; x_wconf 88' lang='lat' dir='ltr'><strong>aut</strong></span> <span class='ocrx_word' id='word_1_190' title='bbox 685 2651 704 2695; x_wconf 92' lang='lat' dir='ltr'><strong>a</strong></span> <span class='ocrx_word' id='word_1_191' title='bbox 728 2629 855 2695; x_wconf 85' lang='lat' dir='ltr'><strong>civibus</strong></span> <span class='ocrx_word' id='word_1_192' title='bbox 879 2628 1011 2711; x_wconf 89' lang='lat' dir='ltr'><strong>optimis</strong></span> <span class='ocrx_word' id='word_1_193' title='bbox 1036 2633 1094 2693; x_wconf 92' lang='lat' dir='ltr'><strong>aut</strong></span> <span class='ocrx_word' id='word_1_194' title='bbox 1124 2647 1143 2693; x_wconf 98' lang='lat' dir='ltr'><strong>a</strong></span> <span class='ocrx_word' id='word_1_195' title='bbox 1173 2626 1253 2692; x_wconf 91' lang='lat' dir='ltr'><strong>viru·</strong></span> <span class='ocrx_word' id='word_1_196' title='bbox 1275 2645 1339 2691; x_wconf 92' lang='lat' dir='ltr'><strong>uno</strong></span> <span class='ocrx_word' id='word_1_197' title='bbox 1370 2625 1511 2690; x_wconf 88' lang='lat' dir='ltr'><strong>omnium</strong></span> 
     </span>
     <span class='ocr_line' id='line_1_21' title="bbox 176 2733 1512 2824; baseline -0.004 -22"><span class='ocrx_word' id='word_1_198' title='bbox 176 2737 311 2818; x_wconf 88' lang='lat' dir='ltr'><strong>optimo,</strong></span> <span class='ocrx_word' id='word_1_199' title='bbox 350 2743 460 2824; x_wconf 79' lang='lat' dir='ltr'><strong>cetera</strong></span> <span class='ocrx_word' id='word_1_200' title='bbox 497 2756 580 2817; x_wconf 87' lang='lat' dir='ltr'><strong>quae</strong></span> <span class='ocrx_word' id='word_1_201' title='bbox 603 2736 804 2802; x_wconf 88' lang='lat' dir='ltr'><strong>Aristoteles</strong></span> <span class='ocrx_word' id='word_1_202' title='bbox 837 2735 1044 2803; x_wconf 89' lang='lat' dir='ltr'><strong>enumeravit</strong></span> <span class='ocrx_word' id='word_1_203' title='bbox 1078 2734 1195 2800; x_wconf 89' lang='lat' dir='ltr'><strong>summi</strong></span> <span class='ocrx_word' id='word_1_204' title='bbox 1230 2733 1358 2815; x_wconf 91' lang='lat' dir='ltr'><strong>imperii</strong></span> <span class='ocrx_word' id='word_1_205' title='bbox 1390 2752 1512 2815; x_wconf 86' lang='lat' dir='ltr'><strong>genera</strong></span> 
     </span>
     <span class='ocr_line' id='line_1_22' title="bbox 177 2839 1512 2926; baseline -0.004 -18"><span class='ocrx_word' id='word_1_206' title='bbox 177 2844 265 2908; x_wconf 92' lang='lat' dir='ltr'><strong>aliud</strong></span> <span class='ocrx_word' id='word_1_207' title='bbox 289 2844 353 2909; x_wconf 88' lang='lat' dir='ltr'><strong>aliu</strong></span> <span class='ocrx_word' id='word_1_208' title='bbox 377 2844 604 2910; x_wconf 82' lang='lat' dir='ltr'><strong>excluduntur.</strong></span> <span class='ocrx_word' id='word_1_209' title='bbox 653 2845 805 2910; x_wconf 82' lang='lat' dir='ltr'><strong>Oeterum</strong></span> <span class='ocrx_word' id='word_1_210' title='bbox 832 2843 1045 2909; x_wconf 84' lang='lat' dir='ltr'><strong>Aristotelem</strong></span> <span class='ocrx_word' id='word_1_211' title='bbox 1078 2842 1111 2907; x_wconf 92' lang='lat' dir='ltr'><strong>in</strong></span> <span class='ocrx_word' id='word_1_212' title='bbox 1136 2843 1320 2922; x_wconf 90' lang='lat' dir='ltr'><strong>quaerendo</strong></span> <span class='ocrx_word' id='word_1_213' title='bbox 1351 2853 1392 2926; x_wconf 80' lang='lat' dir='ltr'><strong>up</strong></span> <span class='ocrx_word' id='word_1_214' title='bbox 1415 2839 1512 2924; x_wconf 86' lang='grc' dir='ltr'>κυρίῳ</span> 
     </span>
     <span class='ocr_line' id='line_1_23' title="bbox 177 2948 1512 3034; baseline -0.001 -20"><span class='ocrx_word' id='word_1_215' title='bbox 177 2950 325 3032; x_wconf 92' lang='lat' dir='ltr'><strong>inprimis</strong></span> <span class='ocrx_word' id='word_1_216' title='bbox 348 2951 494 3017; x_wconf 90' lang='lat' dir='ltr'><strong>homines</strong></span> <span class='ocrx_word' id='word_1_217' title='bbox 519 2960 701 3034; x_wconf 82' lang='lat' dir='ltr'><strong>spectasse,</strong></span> <span class='ocrx_word' id='word_1_218' title='bbox 732 2971 796 3017; x_wconf 94' lang='lat' dir='ltr'><strong>non</strong></span> <span class='ocrx_word' id='word_1_219' title='bbox 821 2971 888 3030; x_wconf 81' lang='lat' dir='ltr'><strong>ree,</strong></span> <span class='ocrx_word' id='word_1_220' title='bbox 914 2951 1054 3017; x_wconf 89' lang='lat' dir='ltr'><strong>efficit-nr</strong></span> <span class='ocrx_word' id='word_1_221' title='bbox 1077 2970 1117 3015; x_wconf 85' lang='lat' dir='ltr'><strong>ex</strong></span> <span class='ocrx_word' id='word_1_222' title='bbox 1140 2951 1209 3014; x_wconf 88' lang='lat' dir='ltr'><strong>loco</strong></span> <span class='ocrx_word' id='word_1_223' title='bbox 1234 2950 1320 3013; x_wconf 88' lang='lat' dir='ltr'><strong>haud</strong></span> <span class='ocrx_word' id='word_1_224' title='bbox 1344 2948 1393 3014; x_wconf 89' lang='lat' dir='ltr'><strong>ita</strong></span> <span class='ocrx_word' id='word_1_225' title='bbox 1416 2949 1512 3030; x_wconf 85' lang='lat' dir='ltr'><strong>longe</strong></span> 
     </span>
     <span class='ocr_line' id='line_1_24' title="bbox 176 3055 1510 3143; baseline 0 -21"><span class='ocrx_word' id='word_1_226' title='bbox 176 3065 299 3123; x_wconf 88' lang='lat' dir='ltr'><strong>remoto</strong></span> <span class='ocrx_word' id='word_1_227' title='bbox 322 3079 352 3140; x_wconf 93' lang='lat' dir='ltr'><strong>p.</strong></span> <span class='ocrx_word' id='word_1_228' title='bbox 382 3063 478 3126; x_wconf 70' lang='grc' dir='ltr'><strong>1279Ε</strong></span> <span class='ocrx_word' id='word_1_229' title='bbox 502 3063 554 3134; x_wconf 76' lang='lat'><strong>25,</strong></span> <span class='ocrx_word' id='word_1_230' title='bbox 585 3080 647 3140; x_wconf 89' lang='lat' dir='ltr'><strong>quo</strong></span> <span class='ocrx_word' id='word_1_231' title='bbox 671 3060 758 3141; x_wconf 91' lang='lat' dir='ltr'><strong>ipse,</strong></span> <span class='ocrx_word' id='word_1_232' title='bbox 792 3058 869 3140; x_wconf 91' lang='lat' dir='ltr'><strong>quid</strong></span> <span class='ocrx_word' id='word_1_233' title='bbox 893 3058 938 3123; x_wconf 88' lang='lat' dir='ltr'><strong>sit</strong></span> <span class='ocrx_word' id='word_1_234' title='bbox 961 3064 993 3124; x_wconf 85' lang='grc' dir='ltr'><strong>τὸ</strong></span> <span class='ocrx_word' id='word_1_235' title='bbox 1017 3063 1129 3143; x_wconf 82' lang='grc' dir='ltr'>κίριον,</span> <span class='ocrx_word' id='word_1_236' title='bbox 1156 3060 1250 3123; x_wconf 88' lang='lat' dir='ltr'><strong>docet</strong></span> <span class='ocrx_word' id='word_1_237' title='bbox 1274 3057 1372 3138; x_wconf 77' lang='lat' dir='ltr'><strong>hisce,</strong></span> <span class='ocrx_word' id='word_1_238' title='bbox 1386 3055 1510 3122; x_wconf 92' lang='lat' dir='ltr'><strong>verbis:</strong></span> 
     </span>
     <span class='ocr_line' id='line_1_25' title="bbox 178 3164 1514 3256; baseline 0 -25"><span class='ocrx_word' id='word_1_239' title='bbox 178 3166 243 3232; x_wconf 82' lang='grc' dir='ltr'>ἐπεί</span> <span class='ocrx_word' id='word_1_240' title='bbox 266 3169 299 3232; x_wconf 81' lang='grc' dir='ltr'><strong>δὲ</strong></span> <span class='ocrx_word' id='word_1_241' title='bbox 323 3171 461 3233; x_wconf 83' lang='grc' dir='ltr'>πολιτεία</span> <span class='ocrx_word' id='word_1_242' title='bbox 487 3174 542 3256; x_wconf 84' lang='grc' dir='ltr'><strong>μὲν</strong></span> <span class='ocrx_word' id='word_1_243' title='bbox 564 3174 618 3234; x_wconf 89' lang='grc' dir='ltr'><strong>καί</strong></span> <span class='ocrx_word' id='word_1_244' title='bbox 641 3174 674 3234; x_wconf 87' lang='grc' dir='ltr'><strong>τὸ</strong></span> <span class='ocrx_word' id='word_1_245' title='bbox 698 3167 868 3255; x_wconf 82' lang='grc' dir='ltr'>πολίτευμα</span> <span class='ocrx_word' id='word_1_246' title='bbox 893 3173 1034 3255; x_wconf 79' lang='grc' dir='ltr'>σημαίνει</span> <span class='ocrx_word' id='word_1_247' title='bbox 1058 3164 1176 3245; x_wconf 89' lang='grc' dir='ltr'>ταότόν,</span> <span class='ocrx_word' id='word_1_248' title='bbox 1208 3168 1378 3253; x_wconf 80' lang='grc' dir='ltr'>πολίτευμα</span> <span class='ocrx_word' id='word_1_249' title='bbox 1402 3164 1427 3230; x_wconf 75' lang='grc' dir='ltr'><strong>δ’</strong></span> <span class='ocrx_word' id='word_1_250' title='bbox 1452 3165 1514 3231; x_wconf 81' lang='grc' dir='ltr'>ἐστί</span> 
     </span>
     <span class='ocr_line' id='line_1_26' title="bbox 176 3271 1593 3363; baseline 0.001 -23"><span class='ocrx_word' id='word_1_251' title='bbox 176 3281 209 3340; x_wconf 89' lang='grc' dir='ltr'><strong>τὸ</strong></span> <span class='ocrx_word' id='word_1_252' title='bbox 232 3279 334 3361; x_wconf 86' lang='grc' dir='ltr'>κόριον</span> <span class='ocrx_word' id='word_1_253' title='bbox 359 3288 417 3340; x_wconf 77' lang='grc' dir='ltr'><strong>τῶν</strong></span> <span class='ocrx_word' id='word_1_254' title='bbox 441 3279 571 3354; x_wconf 82' lang='grc' dir='ltr'>πόλεων,</span> <span class='ocrx_word' id='word_1_255' title='bbox 597 3276 716 3363; x_wconf 80' lang='grc' dir='ltr'>ἀνάγκη</span> <span class='ocrx_word' id='word_1_256' title='bbox 741 3276 767 3338; x_wconf 85' lang='grc' dir='ltr'><strong>δ’</strong></span> <span class='ocrx_word' id='word_1_257' title='bbox 792 3274 869 3340; x_wconf 81' lang='grc' dir='ltr'>εἶναι</span> <span class='ocrx_word' id='word_1_258' title='bbox 893 3279 926 3339; x_wconf 85' lang='grc' dir='ltr'><strong>τὸ</strong></span> <span class='ocrx_word' id='word_1_259' title='bbox 949 3273 1096 3361; x_wconf 84' lang='grc' dir='ltr'>κόριονῆ</span> <span class='ocrx_word' id='word_1_260' title='bbox 1125 3273 1198 3340; x_wconf 79' lang='grc' dir='ltr'><strong>ἕνα</strong></span> <span class='ocrx_word' id='word_1_261' title='bbox 1228 3272 1247 3361; x_wconf 76' lang='grc' dir='ltr'>ἢ</span> <span class='ocrx_word' id='word_1_262' title='bbox 1276 3272 1461 3355; x_wconf 78' lang='grc' dir='ltr'>ὀλίγους</span> <span class='ocrx_word' id='word_1_263' title='bbox 1492 3271 1512 3360; x_wconf 84' lang='grc' dir='ltr'>ἢ</span> <span class='ocrx_word' id='word_1_264' title='bbox 1591 3343 1593 3350; x_wconf 68' lang='grc'><strong><em>,</em></strong></span> 
     </span>
     <span class='ocr_line' id='line_1_27' title="bbox 176 3367 1511 3468; baseline -0.003 -20"><span class='ocrx_word' id='word_1_265' title='bbox 176 3387 270 3453; x_wconf 86' lang='grc' dir='ltr'>τοὺς</span> <span class='ocrx_word' id='word_1_266' title='bbox 305 3386 495 3453; x_wconf 74' lang='grc' dir='ltr'>πολλοὺς.</span> <span class='ocrx_word' id='word_1_267' title='bbox 546 3367 672 3468; x_wconf 75' lang='lat' dir='ltr'><strong>Quibus</strong></span> <span class='ocrx_word' id='word_1_268' title='bbox 709 3382 818 3446; x_wconf 85' lang='lat' dir='ltr'><strong>verbis</strong></span> <span class='ocrx_word' id='word_1_269' title='bbox 855 3381 1003 3446; x_wconf 80' lang='lat' dir='ltr'><strong>conteras</strong></span> <span class='ocrx_word' id='word_1_270' title='bbox 1039 3382 1132 3445; x_wconf 88' lang='lat' dir='ltr'><strong>sodes</strong></span> <span class='ocrx_word' id='word_1_271' title='bbox 1160 3399 1189 3460; x_wconf 92' lang='lat' dir='ltr'><strong>p.</strong></span> <span class='ocrx_word' id='word_1_272' title='bbox 1224 3382 1322 3444; x_wconf 59' lang='lat' dir='ltr'><strong>mgb</strong></span> <span class='ocrx_word' id='word_1_273' title='bbox 1362 3382 1511 3460; x_wconf 83' lang='lat' dir='ltr'><strong>lOsqq:</strong></span> 
     </span>
     <span class='ocr_line' id='line_1_28' title="bbox 176 3484 1513 3577; baseline -0.004 -23"><span class='ocrx_word' id='word_1_274' title='bbox 176 3496 279 3575; x_wconf 85' lang='grc' dir='ltr'>κόριον</span> <span class='ocrx_word' id='word_1_275' title='bbox 305 3496 358 3577; x_wconf 84' lang='grc' dir='ltr'><strong>μὲν</strong></span> <span class='ocrx_word' id='word_1_276' title='bbox 382 3495 440 3575; x_wconf 84' lang='grc' dir='ltr'><strong>γὰρ</strong></span> <span class='ocrx_word' id='word_1_277' title='bbox 464 3500 624 3576; x_wconf 82' lang='grc' dir='ltr'>πανταχοῦ</span> <span class='ocrx_word' id='word_1_278' title='bbox 648 3494 680 3554; x_wconf 89' lang='grc' dir='ltr'><strong>τὸ</strong></span> <span class='ocrx_word' id='word_1_279' title='bbox 704 3491 874 3575; x_wconf 81' lang='grc' dir='ltr'>πολίτευμα</span> <span class='ocrx_word' id='word_1_280' title='bbox 898 3500 952 3576; x_wconf 84' lang='grc' dir='ltr'><strong>της</strong></span> <span class='ocrx_word' id='word_1_281' title='bbox 975 3490 1112 3565; x_wconf 82' lang='grc' dir='ltr'>πόλεως,</span> <span class='ocrx_word' id='word_1_282' title='bbox 1146 3490 1315 3573; x_wconf 81' lang='grc' dir='ltr'>πολίτευμα</span> <span class='ocrx_word' id='word_1_283' title='bbox 1339 3488 1366 3551; x_wconf 87' lang='grc' dir='ltr'><strong>δ’</strong></span> <span class='ocrx_word' id='word_1_284' title='bbox 1391 3484 1470 3550; x_wconf 83' lang='grc' dir='ltr'>ἐστίν</span> <span class='ocrx_word' id='word_1_285' title='bbox 1493 3484 1513 3573; x_wconf 79' lang='grc' dir='ltr'>ἡ</span> 
     </span>
     <span class='ocr_line' id='line_1_29' title="bbox 177 3595 1514 3684; baseline -0.005 -20"><span class='ocrx_word' id='word_1_286' title='bbox 177 3597 325 3665; x_wconf 82' lang='grc' dir='ltr'>πολιτεία.</span> <span class='ocrx_word' id='word_1_287' title='bbox 371 3602 469 3680; x_wconf 78' lang='grc' dir='ltr'>λέγω</span> <span class='ocrx_word' id='word_1_288' title='bbox 508 3596 534 3662; x_wconf 76' lang='grc' dir='ltr'><strong>δ’</strong></span> <span class='ocrx_word' id='word_1_289' title='bbox 572 3596 654 3662; x_wconf 81' lang='grc' dir='ltr'>οἷον</span> <span class='ocrx_word' id='word_1_290' title='bbox 699 3596 736 3661; x_wconf 82' lang='grc' dir='ltr'><strong>ἐν</strong></span> <span class='ocrx_word' id='word_1_291' title='bbox 773 3602 841 3684; x_wconf 86' lang='grc' dir='ltr'><strong>μὲν</strong></span> <span class='ocrx_word' id='word_1_292' title='bbox 880 3608 964 3666; x_wconf 80' lang='grc' dir='ltr'>ταῖς</span> <span class='ocrx_word' id='word_1_293' title='bbox 1007 3598 1335 3683; x_wconf 78' lang='grc' dir='ltr'>δημοκρατικαῖς</span> <span class='ocrx_word' id='word_1_294' title='bbox 1373 3595 1514 3678; x_wconf 83' lang='grc' dir='ltr'>κίριος</span> 
     </span>
     <span class='ocr_line' id='line_1_30' title="bbox 181 3703 1516 3795; baseline -0.005 -23"><span class='ocrx_word' id='word_1_295' title='bbox 181 3706 369 3795; x_wconf 82' lang='grc' dir='ltr'>ὁδημος,</span> <span class='ocrx_word' id='word_1_296' title='bbox 395 3705 429 3770; x_wconf 83' lang='lat' dir='ltr'><strong>oi</strong></span> <span class='ocrx_word' id='word_1_297' title='bbox 453 3703 479 3769; x_wconf 57' lang='grc' dir='ltr'><strong>δ3</strong></span> <span class='ocrx_word' id='word_1_298' title='bbox 504 3703 635 3787; x_wconf 91' lang='grc' dir='ltr'>ὀλίγοι</span> <span class='ocrx_word' id='word_1_299' title='bbox 659 3703 888 3771; x_wconf 90' lang='grc' dir='ltr'>τοόναντίον</span> <span class='ocrx_word' id='word_1_300' title='bbox 913 3704 952 3768; x_wconf 79' lang='grc' dir='ltr'><strong>ἐν</strong></span> <span class='ocrx_word' id='word_1_301' title='bbox 977 3716 1067 3774; x_wconf 84' lang='grc' dir='ltr'>ταῖς</span> <span class='ocrx_word' id='word_1_302' title='bbox 1092 3703 1355 3789; x_wconf 79' lang='grc' dir='ltr'>ὀλιγαρχίαις</span> <span class='ocrx_word' id='word_1_303' title='bbox 1377 3704 1457 3779; x_wconf 88' lang='grc' dir='ltr'>κτλ,</span> <span class='ocrx_word' id='word_1_304' title='bbox 1482 3707 1516 3765; x_wconf 86' lang='lat' dir='ltr'><strong>et</strong></span> 
     </span>
     <span class='ocr_line' id='line_1_31' title="bbox 178 3808 1515 3898; baseline -0.004 -20"><span class='ocrx_word' id='word_1_305' title='bbox 178 3833 207 3895; x_wconf 94' lang='lat' dir='ltr'><strong>p.</strong></span> <span class='ocrx_word' id='word_1_306' title='bbox 237 3816 333 3878; x_wconf 72' lang='grc' dir='ltr'><strong>1273ιι</strong></span> <span class='ocrx_word' id='word_1_307' title='bbox 356 3816 398 3878; x_wconf 83' lang='grc'><strong>39</strong></span> <span class='ocrx_word' id='word_1_308' title='bbox 423 3833 476 3893; x_wconf 87' lang='lat' dir='ltr'><strong>sq:</strong></span> <span class='ocrx_word' id='word_1_309' title='bbox 513 3811 547 3890; x_wconf 85' lang='grc' dir='ltr'><strong>ὀ,</strong></span> <span class='ocrx_word' id='word_1_310' title='bbox 572 3837 598 3876; x_wconf 92' lang='grc' dir='ltr'><strong>τι</strong></span> <span class='ocrx_word' id='word_1_311' title='bbox 621 3817 679 3896; x_wconf 83' lang='grc' dir='ltr'><strong>γὰρ</strong></span> <span class='ocrx_word' id='word_1_312' title='bbox 704 3809 847 3898; x_wconf 79' lang='grc' dir='ltr'>ἀπολάβη</span> <span class='ocrx_word' id='word_1_313' title='bbox 870 3817 967 3898; x_wconf 87' lang='grc' dir='ltr'>τίμιον</span> <span class='ocrx_word' id='word_1_314' title='bbox 992 3811 1069 3875; x_wconf 80' lang='grc' dir='ltr'>εἶναι</span> <span class='ocrx_word' id='word_1_315' title='bbox 1104 3817 1137 3876; x_wconf 89' lang='grc' dir='ltr'><strong>τὸ</strong></span> <span class='ocrx_word' id='word_1_316' title='bbox 1160 3815 1278 3895; x_wconf 86' lang='grc' dir='ltr'>κόριον,</span> <span class='ocrx_word' id='word_1_317' title='bbox 1311 3808 1430 3897; x_wconf 84' lang='grc' dir='ltr'>ἀνάγκη</span> <span class='ocrx_word' id='word_1_318' title='bbox 1461 3813 1515 3873; x_wconf 87' lang='grc' dir='ltr'><strong>καί</strong></span> 
     </span>
     <span class='ocr_line' id='line_1_32' title="bbox 178 3905 1468 4008; baseline -0.004 -23"><span class='ocrx_word' id='word_1_319' title='bbox 178 3925 231 4008; x_wconf 77' lang='grc' dir='ltr'><strong>τὴν</strong></span> <span class='ocrx_word' id='word_1_320' title='bbox 255 3933 326 3986; x_wconf 81' lang='grc' dir='ltr'><strong>τῶν</strong></span> <span class='ocrx_word' id='word_1_321' title='bbox 351 3921 476 3984; x_wconf 86' lang='grc' dir='ltr'>ἀλλων</span> <span class='ocrx_word' id='word_1_322' title='bbox 501 3922 672 3984; x_wconf 78' lang='grc' dir='ltr'>πολιτῶν</span> <span class='ocrx_word' id='word_1_323' title='bbox 698 3919 789 3991; x_wconf 80' lang='grc' dir='ltr'>δόξαν</span> <span class='ocrx_word' id='word_1_324' title='bbox 814 3919 998 3984; x_wconf 81' lang='grc' dir='ltr'>ἀκολουθεῖν</span> <span class='ocrx_word' id='word_1_325' title='bbox 1022 3921 1146 3988; x_wconf 85' lang='grc' dir='ltr'>τοότοις.</span> <span class='ocrx_word' id='word_1_326' title='bbox 1466 3905 1468 3908; x_wconf 37' lang='grc'>’</span> 
     </span>
    </p>

    <p class='ocr_par' dir='ltr' id='par_1_6' title="bbox 176 4029 1534 4872">
     <span class='ocr_line' id='line_1_33' title="bbox 292 4029 1514 4123; baseline -0.007 -21"><span class='ocrx_word' id='word_1_327' title='bbox 292 4036 384 4121; x_wconf 74' lang='lat' dir='ltr'><strong>Quae</strong></span> <span class='ocrx_word' id='word_1_328' title='bbox 409 4055 479 4100; x_wconf 87' lang='lat' dir='ltr'><strong>eum</strong></span> <span class='ocrx_word' id='word_1_329' title='bbox 504 4035 652 4111; x_wconf 73' lang='lat' dir='ltr'><strong>desint,</strong></span> <span class='ocrx_word' id='word_1_330' title='bbox 677 4038 779 4102; x_wconf 85' lang='lat' dir='ltr'><strong>verba</strong></span> <span class='ocrx_word' id='word_1_331' title='bbox 803 4035 823 4123; x_wconf 85' lang='grc' dir='ltr'><strong>ἢ</strong></span> <span class='ocrx_word' id='word_1_332' title='bbox 847 4040 896 4101; x_wconf 90' lang='grc' dir='ltr'><strong>τὸν</strong></span> <span class='ocrx_word' id='word_1_333' title='bbox 920 4041 1012 4121; x_wconf 85' lang='grc' dir='ltr'>νόμον</span> <span class='ocrx_word' id='word_1_334' title='bbox 1038 4033 1066 4098; x_wconf 90' lang='lat' dir='ltr'><strong>si</strong></span> <span class='ocrx_word' id='word_1_335' title='bbox 1091 4032 1216 4098; x_wconf 87' lang='lat' dir='ltr'><strong>codices</strong></span> <span class='ocrx_word' id='word_1_336' title='bbox 1241 4031 1434 4097; x_wconf 84' lang='lat' dir='ltr'><strong>exhiberent</strong></span> <span class='ocrx_word' id='word_1_337' title='bbox 1457 4029 1514 4096; x_wconf 86' lang='lat' dir='ltr'><strong>vix</strong></span> 
     </span>
     <span class='ocr_line' id='line_1_34' title="bbox 178 4139 1531 4226; baseline -0.005 -18"><span class='ocrx_word' id='word_1_338' title='bbox 178 4145 307 4210; x_wconf 86' lang='lat' dir='ltr'><strong>defendi</strong></span> <span class='ocrx_word' id='word_1_339' title='bbox 333 4163 427 4226; x_wconf 88' lang='lat' dir='ltr'><strong>posse</strong></span> <span class='ocrx_word' id='word_1_340' title='bbox 450 4143 574 4225; x_wconf 76' lang='lat' dir='ltr'><strong>iudico,</strong></span> <span class='ocrx_word' id='word_1_341' title='bbox 604 4143 791 4208; x_wconf 87' lang='lat' dir='ltr'><strong>coniectura</strong></span> <span class='ocrx_word' id='word_1_342' title='bbox 820 4162 859 4207; x_wconf 93' lang='lat' dir='ltr'><strong>ea</strong></span> <span class='ocrx_word' id='word_1_343' title='bbox 883 4141 1023 4206; x_wconf 89' lang='lat' dir='ltr'><strong>orationi</strong></span> <span class='ocrx_word' id='word_1_344' title='bbox 1049 4140 1240 4206; x_wconf 89' lang='lat' dir='ltr'><strong>Aristotelis</strong></span> <span class='ocrx_word' id='word_1_345' title='bbox 1272 4139 1395 4204; x_wconf 85' lang='lat' dir='ltr'><strong>inferre</strong></span> <span class='ocrx_word' id='word_1_346' title='bbox 1419 4155 1531 4219; x_wconf 78' lang='lat' dir='ltr'><strong>quam.</strong></span> 
     </span>
     <span class='ocr_line' id='line_1_35' title="bbox 181 4244 1534 4334; baseline -0.006 -18"><span class='ocrx_word' id='word_1_347' title='bbox 181 4252 321 4316; x_wconf 84' lang='lat' dir='ltr'><strong>maxime</strong></span> <span class='ocrx_word' id='word_1_348' title='bbox 346 4269 471 4318; x_wconf 86' lang='lat' dir='ltr'><strong>vereor.</strong></span> <span class='ocrx_word' id='word_1_349' title='bbox 518 4251 611 4334; x_wconf 78' lang='lat' dir='ltr'><strong>Quod</strong></span> <span class='ocrx_word' id='word_1_350' title='bbox 636 4270 713 4316; x_wconf 89' lang='lat' dir='ltr'><strong>vero</strong></span> <span class='ocrx_word' id='word_1_351' title='bbox 738 4251 798 4314; x_wconf 84' lang='lat' dir='ltr'><strong>sub</strong></span> <span class='ocrx_word' id='word_1_352' title='bbox 822 4250 918 4314; x_wconf 92' lang='lat' dir='ltr'><strong>finem</strong></span> <span class='ocrx_word' id='word_1_353' title='bbox 941 4248 1057 4330; x_wconf 86' lang='lat' dir='ltr'><strong>capitis</strong></span> <span class='ocrx_word' id='word_1_354' title='bbox 1079 4247 1189 4316; x_wconf 86' lang='lat' dir='ltr'><strong>verbis</strong></span> <span class='ocrx_word' id='word_1_355' title='bbox 1207 4246 1277 4311; x_wconf 84' lang='grc' dir='ltr'>ἀλλ’</span> <span class='ocrx_word' id='word_1_356' title='bbox 1293 4247 1368 4316; x_wconf 81' lang='grc' dir='ltr'>ἴσως</span> <span class='ocrx_word' id='word_1_357' title='bbox 1384 4244 1420 4309; x_wconf 83' lang='grc' dir='ltr'><strong>ἀν</strong></span> <span class='ocrx_word' id='word_1_358' title='bbox 1438 4250 1534 4333; x_wconf 37' lang='grc' dir='ltr'>φαίη,</span> 
     </span>
     <span class='ocr_line' id='line_1_36' title="bbox 177 4355 1515 4440; baseline -0.006 -16"><span class='ocrx_word' id='word_1_359' title='bbox 177 4383 222 4430; x_wconf 86' lang='grc' dir='ltr'><strong>τις</strong></span> <span class='ocrx_word' id='word_1_360' title='bbox 247 4360 352 4425; x_wconf 83' lang='lat' dir='ltr'><strong>oratio</strong></span> <span class='ocrx_word' id='word_1_361' title='bbox 377 4359 471 4440; x_wconf 89' lang='lat' dir='ltr'><strong>qnasi</strong></span> <span class='ocrx_word' id='word_1_362' title='bbox 497 4357 650 4422; x_wconf 90' lang='lat' dir='ltr'><strong>maiorem</strong></span> <span class='ocrx_word' id='word_1_363' title='bbox 675 4358 840 4422; x_wconf 87' lang='lat' dir='ltr'><strong>incursum</strong></span> <span class='ocrx_word' id='word_1_364' title='bbox 865 4356 981 4432; x_wconf 88' lang='lat' dir='ltr'><strong>sumit,</strong></span> <span class='ocrx_word' id='word_1_365' title='bbox 1012 4358 1072 4421; x_wconf 88' lang='lat' dir='ltr'><strong>hoc</strong></span> <span class='ocrx_word' id='word_1_366' title='bbox 1097 4357 1201 4437; x_wconf 92' lang='lat' dir='ltr'><strong>ipsum</strong></span> <span class='ocrx_word' id='word_1_367' title='bbox 1227 4355 1418 4420; x_wconf 89' lang='lat' dir='ltr'><strong>documento</strong></span> <span class='ocrx_word' id='word_1_368' title='bbox 1442 4370 1515 4418; x_wconf 89' lang='lat' dir='ltr'><strong>esse</strong></span> 
     </span>
     <span class='ocr_line' id='line_1_37' title="bbox 176 4459 1514 4544; baseline -0.007 -12"><span class='ocrx_word' id='word_1_369' title='bbox 176 4466 256 4532; x_wconf 88' lang='lat' dir='ltr'><strong>mihi</strong></span> <span class='ocrx_word' id='word_1_370' title='bbox 280 4467 412 4533; x_wconf 87' lang='lat' dir='ltr'><strong>videtur</strong></span> <span class='ocrx_word' id='word_1_371' title='bbox 437 4464 651 4530; x_wconf 87' lang='lat' dir='ltr'><strong>Aristotelem</strong></span> <span class='ocrx_word' id='word_1_372' title='bbox 676 4483 738 4528; x_wconf 89' lang='lat' dir='ltr'><strong>oon</strong></span> <span class='ocrx_word' id='word_1_373' title='bbox 763 4462 907 4528; x_wconf 85' lang='lat' dir='ltr'><strong>transire</strong></span> <span class='ocrx_word' id='word_1_374' title='bbox 931 4464 973 4528; x_wconf 88' lang='lat' dir='ltr'><strong>ad</strong></span> <span class='ocrx_word' id='word_1_375' title='bbox 997 4463 1029 4527; x_wconf 91' lang='lat' dir='ltr'><strong>id</strong></span> <span class='ocrx_word' id='word_1_376' title='bbox 1054 4463 1310 4544; x_wconf 86' lang='lat' dir='ltr'><strong>explanandum,</strong></span> <span class='ocrx_word' id='word_1_377' title='bbox 1342 4459 1514 4543; x_wconf 90' lang='lat' dir='ltr'><strong>quodiam</strong></span> 
     </span>
     <span class='ocr_line' id='line_1_38' title="bbox 177 4568 1514 4652; baseline -0.004 -14"><span class='ocrx_word' id='word_1_378' title='bbox 177 4582 275 4640; x_wconf 89' lang='lat' dir='ltr'><strong>antea</strong></span> <span class='ocrx_word' id='word_1_379' title='bbox 300 4572 577 4649; x_wconf 73' lang='lat' dir='ltr'><strong>commemoravit,</strong></span> <span class='ocrx_word' id='word_1_380' title='bbox 611 4573 667 4637; x_wconf 89' lang='lat' dir='ltr'><strong>sed</strong></span> <span class='ocrx_word' id='word_1_381' title='bbox 703 4572 809 4652; x_wconf 92' lang='lat' dir='ltr'><strong>ipsum</strong></span> <span class='ocrx_word' id='word_1_382' title='bbox 841 4572 1013 4637; x_wconf 88' lang='lat' dir='ltr'><strong>sublevare</strong></span> <span class='ocrx_word' id='word_1_383' title='bbox 1044 4569 1128 4650; x_wconf 91' lang='lat' dir='ltr'><strong>quod</strong></span> <span class='ocrx_word' id='word_1_384' title='bbox 1160 4589 1259 4650; x_wconf 92' lang='lat' dir='ltr'><strong>supra</strong></span> <span class='ocrx_word' id='word_1_385' title='bbox 1286 4568 1373 4633; x_wconf 86' lang='lat' dir='ltr'><strong>dixit</strong></span> <span class='ocrx_word' id='word_1_386' title='bbox 1404 4586 1514 4632; x_wconf 89' lang='lat' dir='ltr'><strong>omnes</strong></span> 
     </span>
     <span class='ocr_line' id='line_1_39' title="bbox 178 4675 1513 4758; baseline -0.004 -14"><span class='ocrx_word' id='word_1_387' title='bbox 178 4680 348 4747; x_wconf 83' lang='lat' dir='ltr'><strong>civitatum</strong></span> <span class='ocrx_word' id='word_1_388' title='bbox 367 4682 488 4745; x_wconf 87' lang='lat' dir='ltr'><strong>formas</strong></span> <span class='ocrx_word' id='word_1_389' title='bbox 506 4682 625 4745; x_wconf 87' lang='lat' dir='ltr'><strong>habere</strong></span> <span class='ocrx_word' id='word_1_390' title='bbox 642 4679 868 4757; x_wconf 81' lang='lat' dir='ltr'><strong>difficultates;</strong></span> <span class='ocrx_word' id='word_1_391' title='bbox 893 4678 965 4744; x_wconf 86' lang='lat' dir='ltr'><strong>fieri</strong></span> <span class='ocrx_word' id='word_1_392' title='bbox 989 4677 1072 4742; x_wconf 91' lang='lat' dir='ltr'><strong>enim</strong></span> <span class='ocrx_word' id='word_1_393' title='bbox 1091 4695 1194 4758; x_wconf 87' lang='lat' dir='ltr'><strong>posse,</strong></span> <span class='ocrx_word' id='word_1_394' title='bbox 1212 4682 1249 4741; x_wconf 92' lang='lat' dir='ltr'><strong>ut</strong></span> <span class='ocrx_word' id='word_1_395' title='bbox 1265 4675 1387 4740; x_wconf 84' lang='lat' dir='ltr'><strong>existat</strong></span> <span class='ocrx_word' id='word_1_396' title='bbox 1404 4681 1513 4740; x_wconf 89' lang='lat' dir='ltr'><strong>tamen</strong></span> 
     </span>
     <span class='ocr_line' id='line_1_40' title="bbox 178 4783 1377 4872; baseline -0.004 -20"><span class='ocrx_word' id='word_1_397' title='bbox 178 4787 307 4868; x_wconf 88' lang='lat' dir='ltr'><strong>aliquod</strong></span> <span class='ocrx_word' id='word_1_398' title='bbox 332 4787 460 4871; x_wconf 92' lang='lat' dir='ltr'><strong>imperii</strong></span> <span class='ocrx_word' id='word_1_399' title='bbox 484 4807 586 4872; x_wconf 83' lang='lat' dir='ltr'><strong>genus</strong></span> <span class='ocrx_word' id='word_1_400' title='bbox 612 4787 748 4852; x_wconf 81' lang='lat' dir='ltr'><strong>liberum</strong></span> <span class='ocrx_word' id='word_1_401' title='bbox 774 4788 813 4851; x_wconf 90' lang='lat' dir='ltr'><strong>ab</strong></span> <span class='ocrx_word' id='word_1_402' title='bbox 839 4785 888 4851; x_wconf 89' lang='lat' dir='ltr'><strong>his</strong></span> <span class='ocrx_word' id='word_1_403' title='bbox 913 4805 994 4868; x_wconf 90' lang='lat' dir='ltr'><strong>quas</strong></span> <span class='ocrx_word' id='word_1_404' title='bbox 1018 4784 1183 4851; x_wconf 88' lang='lat' dir='ltr'><strong>recensuit</strong></span> <span class='ocrx_word' id='word_1_405' title='bbox 1208 4783 1377 4850; x_wconf 82' lang='lat' dir='ltr'><strong>molestiis,</strong></span> 
     </span>
    </p>
   </div>
   <div class='ocr_carea' id='block_1_3' title="bbox 0 0 1829 5536">
    <p class='ocr_par' dir='ltr' id='par_1_7' title="bbox 0 0 1829 5536">
     <span class='ocr_line' id='line_1_41' title="bbox 0 0 1829 5536; baseline 0 0"><span class='ocrx_word' id='word_1_406' title='bbox 0 0 1829 5536; x_wconf 95' lang='lat' dir='ltr'><strong> </strong></span> 
     </span>
    </p>
   </div>
  </div>
 </body>
</html>
