3670 5536
293 472 363 540 '192
568 531 570 536 .
876 477 963 548 Georg
981 475 1051 532 Karo

298 694 360 742 von
385 672 447 742 FU
469 672 549 757 (illi
572 679 668 758 cum)
691 674 862 742 immerhin
887 680 969 745 noch
994 678 1072 744 weit
1094 677 1207 744 besson
1230 677 1279 745 als
1303 675 1355 746 die
1384 679 1444 746 anf
1463 677 1556 750 TLV
1579 671 1631 764 ge-

297 782 458 866 grdndete
482 784 540 849 der
564 783 718 865 Vulgata.
1619 843 1621 847 .

413 894 461 970 l‘l,
487 892 507 955 3
535 890 623 956 lesen
656 891 732 956 FUz
769 892 908 958 salutern
943 913 963 958 a
998 899 1055 959 tna
1088 893 1260 958 clementia
1292 893 1494 976 deposcimus
1525 895 1631 977 peti·

297 1016 468 1080 musque
491 1003 532 1063 et
555 996 682 1079 qualem
706 999 859 1080 gentibus
883 1020 934 1066 me
957 999 1125 1082 praestiti,
1158 999 1297 1066 similem
1328 1002 1362 1067 in
1394 1001 1514 1069 civium
1545 1003 1631 1068 dedi-

297 1109 387 1172 tione
410 1107 593 1188 praestabo,
619 1108 649 1172 A
675 1104 880 1188 petimusque
904 1115 950 1192 ut,
974 1109 1032 1174 TL
1055 1107 1195 1188 petimus
1219 1112 1265 1173 ut.
1306 1107 1354 1174 Es
1378 1109 1533 1191 sprechen
1559 1109 1631 1176 bier

297 1214 348 1280 die
374 1214 562 1282 Gesandten
595 1214 653 1278 der
678 1213 865 1296 belagerten
891 1218 1097 1298 Ateguaner,
1131 1215 1234 1280 denen
1267 1215 1353 1282 daun
1384 1216 1507 1283 Caesar
1535 1217 1629 1283 einen

188 1390 190 1394 ,
294 1321 544 1405 ermutigenden
568 1321 729 1387 Bescheid
752 1321 830 1404 gibt.
866 1321 931 1387 Die
953 1323 1188 1402 Herausgeber
1211 1323 1357 1400 nahmen,
1381 1322 1473 1391 ’ΠΝ
1489 1313 1629 1406 folgend,
1713 1381 1714 1386 ,

297 1430 379 1494 nach
404 1429 534 1509 qualem
558 1427 692 1511 (Dinter
715 1447 774 1495 vor
797 1429 938 1513 qualem)
962 1429 1034 1495 eine
1058 1429 1169 1495 Liicke
1194 1448 1253 1505 an,
1284 1429 1408 1494 welche
1432 1429 1555 1497 sowohl
1579 1429 1631 1496 die

297 1536 535 1603 Scblussworte
570 1534 629 1599 der
664 1535 869 1613 Gesaudten,
906 1537 955 1602 als
990 1538 1074 1602 aucb
1111 1537 1172 1602 den
1210 1535 1345 1619 Anfang
1383 1537 1440 1602 der
1477 1540 1631 1604 Antwort

285 1644 438 1712 *Gaesars
462 1642 629 1708 euthalten
655 1643 917 1728 baben-mdeste.
967 1643 1060 1709 Weit
1093 1643 1260 1708 einlacber
1294 1643 1374 1709 aber
1405 1644 1451 1709 ist
1485 1663 1536 1723 eS,
1570 1645 1631 1710 ruit

295 1751 392 1817 FUA
416 1749 618 1831 deposcimus
642 1750 844 1831 petimusque
877 1770 917 1816 zu
949 1750 1145 1827 vertunum,
1182 1750 1244 1816 wie
1274 1771 1309 1817 es
1339 1753 1436 1818 scbon
1462 1752 1630 1818 Fleiscber

296 1859 414 1935 wollte,
440 1857 550 1924 Fleck.
574 1857 692 1924 Jahrb.
718 1859 791 1941 119,
807 1860 882 1937 864,
908 1857 950 1924 da
973 1859 1025 1924 die
1049 1857 1309 1924 allitteriarende
1333 1857 1549 1942 Verbindung
1572 1860 1630 1924 der

298 1965 411 2032 beiden
436 1965 556 2043 Verba,
584 1964 645 2029 wie
670 1964 730 2029 wir
753 1964 801 2030 sie
825 1964 955 2031 abalim
978 1965 1032 2032 bei
1056 1967 1182 2032 Terenz
1207 1947 1456 2054 finden‘fflaut.
1481 1970 1546 2033 926
1571 1969 1630 2032 abs

296 2082 329 2139 te
352 2078 464 2154 petere
488 2077 522 2137 et
544 2075 698 2154 poscere),
724 2071 818 2138 einen
842 2073 1143 2155 gutenAbscblnss
1167 2075 1226 2139 der·
1250 2073 1339 2139 Rede
1363 2075 1421 2140 der
1437 2072 1628 2143 Gesandten

296 2179 407 2245 bildet.
454 2181 521 2244 Das
547 2179 735 2244 versttrkte
759 2179 897 2261 deposco
927 2180 972 2246 ist
995 2182 1191 2264 gebraucht,
1226 2180 1287 2246 wie
1313 2185 1340 2256 l,
1365 2183 1386 2246 5
1417 2181 1476 2246 das
1506 2182 1630 2247 seltene

296 2286 476 2368 depostulo.
525 2285 587 2351 Die
612 2286 697 2351 dann
722 2288 805 2351 noch
828 2287 924 2370 r‘ibrig
946 2288 1118 2354 bleibende
1142 2289 1271 2369 Llicke,
1296 2307 1359 2355 von
1384 2288 1525 2354 welcber
1548 2281 1648 2353 noch¹

296 2400 330 2461 et
353 2395 443 2477 (oder
469 2398 516 2475 ut)
541 2393 690 2458 erbalten
714 2394 768 2470 ist,
796 2404 883 2460 wdre
906 2396 1112 2462 auscnfllllen
1135 2398 1218 2463 nach
1238 2399 1287 2475 19,
1306 2398 1327 2462 6
1351 2395 1478 2480 Quibus
1502 2415 1629 2478 respon·

296 2503 345 2570 dit
368 2520 404 2567 se
428 2501 601 2568 Gaesarem
627 2519 699 2567 esse
722 2501 881 2584 fidemque
896 2489 1175 2585 'praestaturum'

410 2611 496 2688 18,7
523 2608 629 2674 lautet
652 2607 686 2674 in
711 2611 772 2676 den
796 2612 992 2694 Ausgaben:
1017 2612 1049 2678 id
1074 2612 1103 2678 si
1126 2611 1268 2690 iecisset,
1294 2611 1324 2676 ei
1347 2611 1499 2692 promisit
1521 2610 1630 2677 omnia

295 2735 534 2799 concessurum,
559 2717 686 2782 obwobl
710 2717 768 2783 das
793 2719 1061 2786 nnentbehrlicbe
1084 2721 1267 2786 Pronomen
1299 2737 1339 2784 se
1369 2738 1429 2786 vor
1452 2719 1522 2786 dem
1548 2720 1628 2788 Ver·

296 2829 370 2892 burn
394 2824 522 2891 finitum
548 2824 616 2889 siclr
649 2824 683 2889 in
708 2824 792 2891 allen
817 2826 1079 2892 Handscbrilten
1109 2827 1160 2893 bis
1191 2822 1251 2892 auf
1271 2826 1329 2892 ‘PL
1352 2825 1462 2892 findet.
1512 2827 1629 2894 Genau

295 2937 422 3024 ebenso
442 2931 525 2998 ieblt
558 2949 593 2996 es
623 2931 657 2996 in
682 2932 740 2998 ΤΒ
765 2935 816 3010 30,
843 2937 864 2998 4
888 2935 1022 3002 moleste
1045 2941 1079 3000 et
1102 2937 1217 3001 acerbe
1236 2933 1445 3015 'accipiebant
1468 2933 1627 3016 impediri,

295 3039 467 3123 quominus
491 3039 649 3121 proelium
673 3040 828 3107 conficere
854 3050 1002 3124 possent,
1028 3044 1118 3108 batte
1142 3044 1220 3108 aber
1244 3040 1303 3107 mit
1326 3042 1472 3108 ababa
1496 3046 1550 3123 (se
1574 3041 1628 3106 irn-

294 3148 414 3234 peliri)
438 3148 631 3230 hengestellt
655 3149 784 3214 werden
809 3149 920 3218 sollen.

406 3258 458 3333 29,
485 3259 502 3322 l
527 3256 616 3321 lesen
640 3256 869 3324 Auunvna:
900 3276 1004 3338 neque
1033 3263 1141 3324 tamen
1174 3256 1223 3322 illi
1253 3275 1274 3321 a
1305 3274 1365 3320 sua
1395 3253 1629 3320 consuetudine

294 3364 512 3443 discedebant,
538 3371 575 3428 ut
598 3369 656 3429 aut
679 3367 720 3429 ab
746 3367 873 3430 excelso
897 3367 966 3431 loco
990 3372 1050 3431 aut
1073 3364 1189 3447 oppido
1214 3363 1420 3429 discederent
1447 3363 1627 3445 (descende-

296 3477 370 3536 rent
395 3471 455 3558 A);
482 3471 510 3536 F
533 3471 649 3536 allein:
683 3478 741 3537 aut
764 3475 813 3537 ab
837 3473 961 3554 oppido.
1009 3472 1110 3538 Diese
1136 3471 1394 3553 Wiederholung
1423 3471 1481 3535 der
1509 3470 1626 3551 Prapo·

296 3578 396 3645 sition
428 3578 472 3643 im
502 3578 641 3645 zweiten
670 3577 788 3645 Gliede
817 3580 971 3662 verlangt
994 3579 1046 3644 die
1068 3578 1285 3663 Disjunktion
1316 3576 1376 3642 mit
1406 3582 1513 3642 aut..
1533 3630 1539 3643 .
1558 3585 1626 3642 aut.

296 3685 370 3769 Vgl.
396 3687 425 3752 b.
452 3684 538 3752 Gall.
562 3689 594 3764 5,
620 3690 671 3764 27,
697 3689 716 3752 9
749 3687 872 3754 milites
903 3696 961 3753 aut
990 3688 1031 3752 ad
1062 3687 1250 3754 Ciceronem
1283 3691 1343 3751 aut
1375 3685 1416 3750 ad
1448 3675 1628 3751 Labienum

295 3793 471 3874 deducere;
506 3796 536 3870 6,
566 3797 615 3875 16,
640 3796 661 3859 5
693 3794 726 3860 in
758 3794 845 3860 furto
876 3803 934 3860 aut
963 3795 997 3862 in
1025 3794 1197 3860 latrocinio
1230 3799 1289 3859 aut
1319 3793 1353 3858 in
1385 3792 1496 3874 aliqu'a
1525 3811 1626 3869 noxa;

295 3900 356 3966 civ.
382 3902 412 3978 3,
438 3902 490 3977 83,
514 3902 537 3966 4
567 3907 625 3965 aut
648 3901 686 3966 de
719 3901 894 3970 honoribus
924 3908 982 3967 aut
1013 3902 1053 3967 de
1076 3903 1231 3983 praemiis
1255 3909 1313 3967 aut
1336 3902 1374 3966 de
1398 3899 1628 3983 persequendis

296 4007 497 4088 inimicitiis;
531 4008 593 4075 civ.
619 4010 650 4089 3,
674 4010 771 4087 aad
808 4014 867 4076 aut
901 4029 941 4074 ex
971 4008 1093 4075 coactis
1125 4016 1183 4074 aut
1214 4029 1254 4075 ex
1285 4009 1477 4075 centonibus
1506 4014 1565 4074 aut
1588 4027 1629 4073 ex

296 4114 394 4180 coriis
418 4114 546 4180 tunicas
570 4115 730 4194 lacerans
767 4117 796 4182 b.
820 4116 916 4182 Alex.
945 4119 994 4194 15,
1021 4118 1039 4182 8
1076 4122 1134 4181 ant
1164 4116 1196 4181 in
1229 4135 1325 4198 opere
1354 4121 1413 4181 aut
1444 4116 1478 4181 in
1508 4133 1626 4197 pugna.

295 4222 333 4288 B.
360 4220 419 4289 civ.
444 4224 474 4300 3,
499 4223 551 4300 25,
578 4223 598 4286 2
627 4222 697 4288 sive
726 4223 768 4288 ad
791 4223 890 4289 litora
914 4215 1164 4304 Apollinatinm¹
1182 4223 1252 4290 sive
1283 4224 1324 4289 ad
1355 4223 1564 4304 Labeatium;
1597 4224 1626 4286 b.

295 4330 391 4394 Alex:
417 4331 447 4407 8,
473 4331 493 4394 2
518 4330 569 4394 vel
594 4349 613 4394 a
637 4328 774 4395 sinistra
797 4336 890 4412 parte
914 4332 967 4397 vel
990 4351 1010 4396 a
1033 4331 1165 4412 dextra;
1190 4330 1269 4397 ibid.
1289 4332 1376 4408 74,1
1403 4329 1456 4396 vel
1480 4330 1521 4394 ad
1547 4346 1627 4410 opus

294 4436 346 4503 vel
370 4437 411 4502 ad
435 4435 696 4502 ostentationem.
736 4437 900 4520 Beilaufig
924 4437 1006 4503 wird
1030 4439 1110 4503 aber
1133 4439 1215 4503 auch
1241 4438 1546 4502 descenderent
1569 4453 1628 4501 sus

294 4546 328 4610 A
351 4544 587 4610 aufzunebmen
612 4544 698 4622 sein,
732 4547 832 4610 sebon
857 4563 908 4609 um
932 4545 985 4610 die
1014 4544 1271 4627 Wierlerbolung
1295 4543 1465 4609 desselben
1492 4543 1626 4608 Wortes
1686 4573 1688 4576 ·

295 4669 336 4717 nu
359 4650 560 4730 vermeiden,
592 4651 659 4716 und
682 4651 757 4716 weil
786 4654 868 4718 eben
892 4651 944 4717 die
968 4652 1152 4732 Korruptel
1175 4670 1234 4716 aus
1259 4653 1329 4716 dem
1355 4651 1626 4733 vorangebeuden

293 4757 503 4824 discedebant
525 4757 625 4823 leiobt
648 4761 819 4825 entsteben
845 4762 976 4825 kounte.
1026 4760 1094 4824 Von
1121 4760 1178 4824 der
1201 4758 1383 4824 namlichen
1400 4758 1504 4825 Saclre
1536 4757 1624 4823 biess
