3670 5536
719 516 759 570 De
778 493 859 570 causa
876 515 1027 585 Polystrati.
1481 517 1541 584 181

209 736 268 779 των
291 736 325 795 γε
349 709 450 789 ἕνεκα,
469 710 521 779 ἵνα
536 715 695 800 λάβοιμεν,
721 711 754 777 εὖ
778 709 858 800 opius
881 713 1052 802 ἐποιοῦμεν,
1077 713 1144 782 ἀλλ’
1171 713 1232 792 ἵνα,
1262 713 1293 778 e’i
1311 737 1382 779 ποτε
1406 715 1543 790 κὶνδονος

210 823 257 910 εἰἠ
289 819 380 911 ἡμῖν,
412 818 617 906 ἐξαιτοὺμενοι
648 822 717 906 παρ’
752 818 835 908 ὑμῶν
867 825 921 909 τὴν
953 820 1040 894 ἀξίαν
1072 827 1163 909 χάριν
1196 820 1415 908 ἀπολάβοιμεν.
1464 821 1543 888 [deo

209 928 312 1012 igitur
343 946 415 993 seso
443 928 525 992 bene
556 926 595 992 de
625 947 660 993 rc
688 927 819 1010 publica
844 928 961 994 mereri
992 929 1072 995 dicit
1102 933 1226 1009 orator,
1263 929 1364 1009 quod,
1389 927 1418 993 si
1442 947 1541 995 causa

209 1038 336 1113 cadant,
362 1033 530 1118 pecuniam
556 1033 682 1101 solvere
707 1054 768 1100 nou
793 1034 858 1100 iam
881 1035 1016 1118 possint.

320 1141 459 1209 Accedit
482 1139 575 1223 quod,
601 1141 630 1208 si
648 1162 683 1207 re
700 1162 778 1209 urcra
794 1143 833 1208 de
858 1144 968 1210 eadem
985 1163 1084 1210 causa
1107 1149 1205 1225 atque
1223 1143 1256 1209 in
1280 1142 1389 1226 priore
1412 1142 1540 1208 actione

208 1251 242 1316 io
278 1249 330 1316 ius
364 1254 500 1316 vocatus
534 1249 621 1314 essct
656 1249 880 1332 Polystratus,
917 1249 1045 1316 omniuo
1082 1249 1237 1315 disertius
1269 1252 1308 1316 de
1340 1249 1406 1315 illis
1438 1248 1540 1315 crimi·

208 1349 304 1423 nibus
337 1356 505 1423 dicendum
536 1361 609 1422 erat
631 1355 706 1424 filio.
754 1356 818 1442 Qui
852 1357 958 1423 obiter
990 1363 1118 1423 tautum
1143 1357 1300 1438 quasdam
1324 1356 1542 1422 accusationis

207 1464 327 1548 prioris
352 1469 463 1546 partes
487 1462 692 1546 perstringit.
719 1463 820 1529 Velut
844 1469 928 1547 511.
954 1468 995 1530 12
1019 1464 1052 1530 in
1076 1463 1185 1546 priore
1209 1463 1336 1529 actione
1354 1463 1541 1546 Polystrato

207 1571 336 1638 crimini
360 1571 471 1637 datum
496 1589 581 1650 esse,
614 1571 698 1652 quod
722 1571 902 1654 Phrynichi
926 1571 1047 1638 amicus
1072 1577 1128 1636 aut
1153 1581 1312 1655 cognatus
1335 1570 1449 1648 fucrit,
1480 1589 1540 1636 me·

206 1685 313 1744 morat
341 1677 438 1759 idque
468 1696 507 1742 ue
533 1676 652 1744 iterum
684 1679 872 1760 proferatur
902 1678 1027 1746 veritus
1058 1678 1236 1761 redarguit.
1285 1677 1390 1763 Quale
1419 1677 1541 1743 crimen

207 1793 244 1851 ut
272 1784 355 1851 satis
386 1785 536 1850 idoneum
567 1791 640 1851 erat
662 1786 703 1851 ad
735 1785 892 1852 invidiam
915 1787 1106 1869 Polystrato
1137 1785 1332 1864 faciendam,
1365 1784 1414 1850 ita
1434 1784 1541 1867 ipsum

206 1896 433 1976 argumentum
457 1892 676 1958 accusationis
700 1891 868 1958 continere
893 1893 949 1958 uix
971 1899 1109 1975 poterat.

319 1998 494 2065 Diversum
523 1998 706 2081 explicandi
732 1999 818 2065 viam
849 1999 1018 2081 ingressus
1042 2007 1093 2065 est
1117 1998 1251 2065 Pohlins
1275 1998 1295 2064 l.
1321 2016 1346 2065 c.
1373 2018 1400 2080 p.
1425 1999 1468 2064 23
1492 2017 1539 2078 sq.

207 2106 366 2193 Quicum
391 2105 459 2172 tere
483 2110 611 2172 constet
634 2105 668 2171 in
691 2107 753 2172 hac
776 2105 918 2186 actione,
945 2106 979 2171 in
1004 2126 1067 2187 qua
1091 2106 1195 2172 oratio
1219 2106 1334 2172 habita
1357 2109 1421 2184 est,
1447 2105 1539 2188 Poly-

206 2219 344 2304 stratum
371 2214 409 2278 de
434 2213 561 2280 ratione
585 2213 730 2280 muueris
762 2213 926 2278 reddenda
949 2233 968 2278 a
993 2213 1132 2295 privatis
1164 2212 1415 2279 accusatoribus
1433 2218 1538 2294 postu-

207 2321 308 2387 latum
338 2340 422 2399 esse,
459 2321 600 2403 priorem
633 2340 761 2387 causam
796 2320 899 2402 ipsam
931 2339 1056 2402 quoque
1087 2321 1127 2386 ad
1163 2321 1324 2402 euthynas
1356 2318 1538 2403 Polystrati

146 2477 150 2484 .
206 2414 403 2511 pertinuisse
426 2427 608 2495 arbitratus
632 2427 664 2494 in
690 2427 930 2511 compendiario
962 2427 1081 2493 iudicio
1107 2427 1269 2494 rationum
1301 2427 1538 2494 reddendarum

205 2541 310 2602 actam
335 2555 408 2602 esse
431 2535 561 2612 statuit,
586 2537 670 2616 quod
694 2534 868 2615 unicuique
892 2534 1101 2616 magistratui
1119 2541 1193 2618 post
1214 2553 1332 2601 munus
1355 2534 1537 2616 depositum

205 2643 405 2709 subeundum
423 2649 503 2709 erat.
545 2641 747 2728 Quamquam
772 2661 848 2708 num
864 2641 938 2706 fieri
960 2643 1113 2723 potuerit,
1140 2647 1177 2708 ut
1200 2642 1301 2708 eidem
1329 2640 1537 2726 magistratui

204 2768 340 2817 mutnere
361 2750 511 2816 defuncto
534 2756 609 2833 post
639 2750 794 2816 sollemne
816 2750 1031 2832 euthyuarum
1062 2749 1214 2815 indicium
1247 2749 1364 2815 iterum
1389 2748 1474 2815 actio
1498 2749 1538 2814 dc

204 2857 387 2924 rationibus
397 2857 582 2940 repetendis
593 2861 707 2946 (γραφὴ
718 2861 787 2943 περὶ
796 2856 946 2940 εὐθυνῶν)
955 2857 1190 2937 intenderetur,
1203 2858 1286 2939 quuod
1295 2858 1333 2922 R.
1343 2856 1538 2923 Seboellium

203 2973 335 3030 secutus
359 2970 470 3031 censet
487 2964 631 3044 Poblius,
657 2966 696 3031 dc
712 2983 751 3030 ea
767 2984 802 3030 re
819 2965 1026 3031 vehementer
1050 2963 1234 3030 dubitatum
1251 2968 1308 3031 est.
1319 2966 1341 3047 ¹)
1381 2967 1428 3028 At
1451 2982 1538 3028 nunc

203 3092 327 3138 omnem
359 3072 594 3139 dubitationem
627 3072 742 3139 eximit
772 3080 893 3139 certum
918 3071 1107 3138 Aristotelis
1138 3070 1357 3136 testimoninm
1375 3070 1422 3135 'in
1453 3069 1537 3135 libro

202 3200 306 3263 nuper
329 3187 459 3262 reperto
483 3181 521 3246 de
553 3181 720 3264 republica
743 3179 995 3246 Atheniensium
1020 3199 1045 3245 c.
1069 3182 1111 3246 48
1136 3179 1193 3245 κᾶν
1218 3203 1261 3253 τις
1285 3178 1450 3266 dubitarat]
1482 3200 1537 3244 τινι

202 3299 259 3354 τῶν
288 3292 344 3362 τὰς
373 3286 506 3363 audurae
533 3287 564 3356 ἐν
588 3302 639 3375 τῷ·
659 3291 843 3376 δικαστηρίῳ
875 3289 1050 3353 δεδωκότων
1082 3286 1166 3362 ἐντὸς
1187 3293 1215 3370 γ’
1249 3286 1379 3375 [ἡμερῶν
1404 3285 1467 3374 ἀφ’]
1498 3285 1537 3374 ἧς

202 3395 297 3461 ἔδωκε
322 3399 376 3470 τὰς
399 3394 532 3471 suturae
554 3395 688 3463 εὔθυναν
712 3394 772 3462 ἀνὰ
795 3394 874 3462 ἰδίαν
890 3394 1117 3484 ἀντιδ[1κ]η[οιν]
1139 3393 1336 3482 ἐμβαλέσθαι
1350 3440 1536 3460 .........

202 3504 323 3570 δίδωσιν
347 3516 387 3589 τῷ
411 3501 530 3590 εὒθὺνῳ
553 3508 617 3570 κτλ.
1502 3513 1504 3522 ⁴

314 3611 419 3688 Hinc,
457 3610 491 3676 ni
525 3611 636 3690 fallor,
672 3630 866 3695 magnopere
900 3612 1143 3676 commendatur
1176 3609 1282 3676 Publii
1317 3609 1411 3675 ratio.
1459 3608 1535 3675 Nisi

203 3719 285 3798 quod
318 3738 430 3801 parum
463 3719 676 3801 probabiliter
703 3719 759 3785 illc
790 3718 958 3784 existimat
983 3720 1022 3782 de
1053 3717 1173 3783 eisdem
1205 3719 1302 3783 rebus
1332 3716 1365 3782 iu
1397 3708 1534 3797 utraque

202 3845 300 3891 causa
335 3833 448 3892 actum'
471 3847 552 3893 esse.
600 3829 665 3895 Sed
694 3846 765 3893 cum
796 3826 1006 3909 Polystratus
1030 3827 1140 3892 eodem
1165 3831 1308 3906 tempore
1332 3828 1366 3890 et
1401 3828 1534 3889 senator

200 3933 288 3998 iuter
317 3934 572 4014 quadringentos
596 3941 630 4001 ct
660 3939 850 4017 καταλογεὺς
872 3935 913 4000 ad
938 3934 1076 4000 indicem
1100 3933 1219 4001 civium
1250 3933 1411 3999 contionis
1435 3932 1533 4014 parti-

200 4040 306 4123 cipum
336 4042 566 4108 conficiendum
595 4049 628 4108 et
658 4042 791 4108 navium
821 4041 1004 4124 praefectus
1034 4042 1075 4107 ad
1099 4041 1262 4108 Eretriam
1292 4039 1407 4116 luerit,
1438 4039 1535 4105 facile

200 4147 283 4214 effici
308 4155 451 4231 potarat,
485 4155 522 4215 ut
549 4149 588 4215 de
612 4150 721 4215 eodem
752 4150 948 4232 magistratu
972 4149 1112 4215 diversis
1136 4148 1326 4215 criminibus
1353 4156 1531 4230 peteretur.

309 4335 329 4405 ¹)
348 4337 388 4390 cf.
409 4336 530 4407 inprimis
549 4337 654 4406 Lipsius
672 4337 700 4390 in
718 4338 811 4392 Meiori
829 4340 856 4392 ct
874 4338 1050 4393 Schocmanni
1068 4341 1122 4392 ntt.
1143 4338 1218 4392 Pron.
1238 4340 1278 4393 ed.
1297 4341 1315 4393 2
1333 4339 1347 4392 Ι
1364 4339 1418 4394 266
1436 4340 1490 4393 not.
