3670 5536
253 469 314 535 108
660 469 755 523 mano.
776 468 961 539 Schmidinger
980 500 1012 508 -
1039 469 1069 523 G.
1089 469 1174 538 Vogel

251 684 312 729 non
338 684 472 746 prorsus
497 666 608 730 eadem
631 665 666 730 in
691 665 797 731 tribus
821 666 896 732 istis
920 665 999 731 locis
1024 683 1102 730 usus
1126 670 1178 729 est
1201 665 1363 744 oratione,
1399 666 1453 731 sed
1479 665 1581 731 medio

251 774 319 838 loco
343 772 481 837 articulo
506 773 604 838 semel
629 771 735 854 posito
760 772 859 848 αἰτίας
875 783 907 838 et
925 773 1027 860 ἀρχὰς
1052 792 1149 837 rrnum
1174 772 1296 852 aliquid
1322 772 1507 854 significare
1532 774 1580 837 in-

250 878 381 944 dicavit.
430 879 494 944 Suo
518 879 620 960 igitur
644 879 715 944 inre
738 880 793 945 ille
818 881 921 945 medio
953 881 1022 944 loco
1047 879 1132 944 dixit
1163 879 1194 944 αί
1219 881 1244 943 δ’
1271 877 1365 943 αἰτίαι
1397 885 1451 944 καὶ
1475 879 1580 966 ἀρχαί,

250 1005 311 1051 non
338 985 370 1050 αἱ
394 987 419 1049 δ’
438 985 532 1051 αίτίαι
555 992 608 1051 καὶ
632 985 664 1051 αἱ
689 986 795 1074 ἀρχαί.
847 987 1005 1052 Attentii
1030 986 1092 1051 loci
1116 988 1211 1067 plane
1235 989 1345 1052 eadem
1369 993 1419 1051 est
1436 988 1581 1052 condicio

249 1100 348 1172 atque
371 1093 484 1174 primi;
522 1113 585 1174 qrra
616 1093 654 1158 de
685 1112 784 1158 carisa
808 1095 918 1158 eadem
943 1093 1070 1158 dicendi
1094 1093 1232 1159 formula
1256 1101 1393 1181 utroque
1417 1094 1485 1158 loco
1510 1113 1581 1158 eum

250 1218 340 1264 usum
367 1219 438 1265 esse
462 1199 578 1264 merito
602 1205 780 1280 exspectes,
813 1204 920 1282 Atque
945 1219 1015 1265 cum
1040 1200 1144 1281 primo
1160 1200 1229 1266 loco
1246 1201 1385 1266 articulo
1411 1203 1460 1266 bis
1478 1202 1581 1282 posito

248 1311 303 1377 τὰς
327 1306 429 1393 ἀρχὰς
452 1311 580 1376 καὶτὰς
604 1305 703 1377 αἰτίας
731 1307 831 1385 dixit,
869 1315 1014 1371 extremo
1046 1326 1170 1387 quoque
1202 1309 1270 1373 loco
1295 1307 1453 1373 articulus
1478 1307 1528 1372 bis
1552 1307 1582 1372 ei

161 1442 163 1446 ⁷
248 1415 414 1495 ponendus
439 1413 510 1480 suit.
542 1415 566 1479 J
569 1434 619 1478 am
637 1433 707 1478 cum
724 1414 757 1478 id
781 1414 895 1496 ipsum,
914 1415 999 1494 quod
1016 1421 1195 1494 exspectas,
1214 1416 1371 1496 praebeat
1388 1415 1454 1479 cod.
1475 1415 1581 1479 Paris,

248 1522 346 1598 alter,
384 1521 474 1586 nulla
497 1532 570 1586 erat
595 1540 703 1595 causa,
729 1542 788 1586 cur
812 1521 954 1586 editores
980 1520 1149 1586 lectionem
1176 1520 1207 1586 αἱ
1232 1520 1406 1608 ἀρχαὶκαὶ
1430 1520 1461 1586 αἱ
1486 1520 1582 1586 αἰτίαι

250 1628 426 1706 reicerent,
457 1631 635 1710 probarent
660 1630 773 1694 falsam
810 1627 841 1693 αἱ
866 1627 1038 1714 ἀρχαὶκαὶ
1063 1627 1173 1706 αἰτίαν,
1199 1637 1308 1694 natam
1340 1629 1428 1693 illam
1453 1627 1581 1708 quidem

248 1755 359 1801 errore
383 1735 511 1801 librarii
534 1736 665 1803 litteras
690 1760 722 1801 αι
746 1737 854 1816 semel,
880 1754 942 1800 non
969 1735 1018 1800 bis
1044 1743 1079 1800 ut
1103 1737 1242 1801 debebat
1266 1734 1444 1800 exarantis.

1163 1872 1283 1938 Fracto.
1310 1870 1535 1954 Schmidinpcr‚

294 2249 347 2312 De
372 2246 496 2311 Polit.
523 2245 645 2310 libris
671 2247 741 2313 Vll
766 2254 806 2311 et
832 2249 921 2314 VIII
946 2251 1042 2312 ante
1064 2247 1198 2312 libros
1222 2246 1341 2312 IV-VI
1365 2245 1580 2326 ponendis.

359 2397 573 2463 Politicorum
593 2397 747 2463 librorum
766 2399 909 2464 ordinem
928 2399 1022 2465 valde
1039 2400 1206 2465 turbatum
1231 2417 1303 2462 esse
1319 2396 1477 2462 neminem
1495 2397 1579 2480 fugit

248 2525 368 2582 eorum,
394 2505 448 2586 qui
472 2505 632 2570 intentius
657 2506 782 2572 versati
807 2506 941 2571 suntin
966 2506 1084 2572 studiis
1100 2504 1332 2572 Aristotelicis.
1376 2507 1484 2584 Atque
1508 2523 1579 2569 cum

248 2612 311 2677 iam
336 2619 412 2678 ante
437 2612 508 2693 plus
533 2614 815 2678 ducentos‘annos
840 2614 980 2696 Segnius
1004 2620 1036 2679 et
1061 2613 1259 2694 Conringius
1288 2614 1415 2677 iustum·
1435 2612 1580 2676 ordinem

248 2718 403 2785 librorum
436 2720 610 2786 restituere
642 2721 751 2786 conati
782 2729 907 2798 essent,
942 2728 1055 2787 nostra
1086 2719 1240 2786 memoria
1265 2721 1458 2784 Leonardus
1482 2718 1579 2799 Spen-

247 2826 352 2908 gelius
385 2827 574 2893 doctissima
607 2830 891 2907 commentatione,
928 2819 1019 2894 iiber
1049 2829 1100 2894 die
1133 2827 1257 2893 Politik
1288 2828 1349 2891 des·
1370 2824 1578 2900 Aristotelen,

247 2932 348 2999 libros
372 2934 444 3001 VII
472 2942 505 3000 et
530 2936 621 3002 VIII
645 2941 721 3000 ante
749 2937 849 3002 libros
878 2938 928 3002 IV
953 2938 985 3006 V
1012 2938 1061 3003 VI
1090 2935 1254 3017 ponendos
1286 2953 1358 3000 esse
1390 2931 1518 3013 copiose
1549 2938 1583 2996 et

247 3047 340 3106 acute
364 3041 610 3119 demonstravit,
636 3061 728 3122 quem
753 3045 857 3110 secuti
881 3058 958 3110 sunt
981 3063 1052 3109 cum
1077 3044 1133 3108 alii
1158 3052 1226 3107 tum
1252 3039 1476 3108 Susemihlius.
1516 3039 1578 3103 Illa

247 3165 300 3212 res
324 3166 517 3228 quamquam
541 3149 589 3214 ita
613 3150 646 3214 in
670 3151 741 3215 luce
766 3151 873 3232 posita
889 3159 948 3229 est,
975 3157 1012 3216 ut
1028 3171 1086 3232 pro
1103 3157 1193 3216 certa
1210 3146 1452 3228 haberipossit,
1471 3153 1579 3211 tamen

247 3273 310 3318 non
336 3255 463 3332 desunt,
490 3257 544 3337 qni
570 3257 726 3322 traditum
749 3257 905 3323 lilrrorum
931 3260 1074 3324 ordmem
1094 3258 1297 3329 retinendum
1315 3261 1441 3338 putent,
1459 3256 1579 3335 partim

247 3362 330 3442 quod
360 3363 527 3428 audaciam
552 3366 764 3432 convertendi
788 3366 963 3446 pristinum
987 3368 1143 3433 librorum
1169 3367 1312 3431 ordinem
1338 3363 1579 3439 abominantur,

247 3469 365 3548 partim
391 3473 473 3550 qnod
498 3472 615 3550 quibus
639 3472 689 3536 illi
713 3475 917 3554 argumentis
942 3475 992 3540 usi
1017 3484 1103 3554 sunt,
1129 3475 1225 3557 plane
1250 3494 1284 3538 se
1309 3471 1457 3558 convinci
1482 3489 1577 3551 posse

248 3583 376 3654 negant,
402 3595 537 3657 quornm
554 3579 593 3643 de
615 3599 746 3644 numero
765 3581 1019 3646 Benedixenium
1037 3590 1071 3646 et
1089 3583 1394 3647 llorohhammerum
1411 3577 1579 3643 nominare

247 3681 329 3746 satis
354 3684 465 3748 habeo.
516 3684 609 3769 Quae
633 3705 704 3750 curn
730 3687 778 3752 ita
802 3686 878 3761 sint,
906 3707 967 3753 non
986 3690 1163 3755 verendum
1183 3697 1243 3772 est,
1268 3709 1307 3752 ne
1330 3706 1460 3768 operam
1477 3685 1580 3767 perdi-

247 3787 334 3853 disse
360 3789 536 3868 videamur,
563 3792 591 3857 si
616 3795 700 3858 alias
724 3812 840 3858 causas
866 3795 1178 3876 circumspiciamus,
1206 3795 1322 3875 ortibus
1346 3795 1448 3859 libros
1472 3795 1522 3860 IV
1550 3795 1577 3861 V

215 3947 222 3960 ,
247 3896 297 3961 VI
322 3902 395 3976 post
417 3896 519 3962 libros
545 3900 608 3966 VlI
632 3906 665 3964 et
692 3901 780 3967 VIII
805 3903 1007 3966 collocandos
1032 3922 1103 3967 esse
1127 3905 1175 3967 ita
1199 3902 1440 3980 confirmemus,
1467 3907 1504 3966 ut
1527 3902 1579 3967 ad-

247 4003 388 4068 versarii
412 4023 526 4070 manus
551 4007 628 4072 dare
653 4015 819 4088 cogantur.
869 4009 955 4093 Quid
979 4016 1088 4075 autem
1113 4009 1222 4091 aptius
1246 4015 1353 4089 potest
1370 4028 1442 4074 esse
1466 4010 1507 4074 ad
1531 4009 1580 4073 de·

247 4112 508 4191 monstrandum,
540 4133 632 4192 quam
667 4115 752 4180 siin
778 4116 870 4180 libris
895 4118 945 4184 IV
969 4119 1001 4185 V
1029 4119 1076 4182 Vl
1099 4117 1186 4181 locos
1211 4116 1367 4196 indagare
1392 4117 1484 4181 nobis
1509 4135 1581 4179 con·

247 4216 363 4299 tingat,
389 4219 444 4298 qui
469 4220 508 4284 ad
533 4240 580 4297 ea,
607 4241 688 4300 quae
713 4222 747 4286 in
771 4222 866 4286 libris
893 4224 955 4290 Vll
980 4233 1013 4288 et
1039 4225 1119 4291 Vlll
1142 4231 1345 4304 pertractata
1369 4231 1457 4301 sunt,
1482 4221 1580 4302 respi-

247 4324 336 4389 ciant
360 4324 471 4405 eisque
496 4332 660 4409 tamquam
686 4330 895 4394 fundamento
920 4336 1082 4395 utantur?

361 4436 472 4512 Atque
495 4433 635 4514 primum
660 4436 788 4516 quidem
812 4438 1017 4503 considerare
1041 4439 1146 4502 visum
1173 4445 1224 4500 est
1247 4436 1352 4500 locum
1376 4435 1455 4500 libri
1472 4436 1580 4516 quarti

247 4557 275 4618 p.
298 4541 394 4604 1289ss
418 4542 460 4604 30
492 4547 560 4625 περὶ
593 4547 646 4629 μὲν
677 4541 910 4628 ἀριστοκρατίας
939 4551 992 4610 καὶ
1025 4549 1182 4629 pascasiae
1212 4543 1343 4629 εἴρηται,
1375 4548 1407 4607 τὸ
1432 4548 1490 4626 γὰρ
1514 4549 1582 4627 περὶ

247 4657 301 4733 της
334 4645 460 4735 ἀρίστης
489 4653 643 4723 πολιτείας
672 4655 832 4739 θεονρηοαι
860 4651 950 4716 ταύτὸ
978 4657 1031 4717 καὶ
1059 4657 1127 4736 περὶ
1150 4653 1260 4715 concor
1292 4647 1370 4715 ἐστὶν
1400 4648 1493 4714 εἰπεῖν
1523 4662 1581 4714 τῶν

247 4750 417 4840 ὀνομάτων·
451 4758 591 4839 βοὺλεται
618 4762 676 4844 γὰρ
706 4757 838 4847 ἑκατέρα
870 4762 937 4829 κατ’
971 4758 1081 4850 ἀρετὴν
1111 4761 1290 4823 οονεοτοίναι
1317 4755 1579 4847 κεχορηγημένην.
