3670 5536
309 465 372 546 191)
787 457 886 532 Paulus
905 459 1080 534 H'ilde'brandt

416 678 467 744 De
498 678 558 744 hac
581 695 617 743 re
640 676 695 759 qui
719 674 752 742 in
784 676 951 744 diversam
978 683 1103 762 partem
1136 678 1388 760 disputaverunt
1410 672 1634 747 Thalheimius

303 789 323 855 l.
355 807 381 854 c.
416 789 456 854 13
487 804 554 868 sqq.
587 799 621 850 01
645 785 799 851 Roehlius
830 785 1001 867 (zeitschr.
1034 787 1054 851 f.
1087 787 1388 869 Gymnasialwesen
1420 789 1521 868 1874,
1553 790 1632 865 111;

282 896 344 962 cf.
369 894 422 972 iu,
447 891 697 961 Jahresbericht
723 895 816 970 1811,
841 894 897 976 41)
926 892 1272 975 101101110100110101,
1304 895 1389 976 qnod
1411 914 1546 977 poenam
1570 913 1634 974 qua

303 1001 439 1069 affectus
469 1006 541 1066 erat
572 1000 679 1081 priore
709 999 837 1065 actione
861 1000 1069 1082 Polystratus
1100 1000 1209 1082 (§14.
1238 1003 1290 1084 18)
1321 1001 1461 1067 noudum
1495 1001 1633 1066 solutam

301 1109 404 1175 fnisse
439 1113 580 1174 censent.
629 1109 746 1188 itaque
774 1107 931 1174 Roehlius
963 1107 1046 1172 hano
1080 1107 1257 1173 orationem
1288 1108 1324 1174 in
1360 1109 1487 1175 actione
1523 1109 1633 1196 ψευδο-

304 1227 472 1304 μαρτυριῶν
498 1215 641 1280 habitam
658 1233 729 1280 esse
753 1213 930 1294 existimat,
955 1233 1019 1294 qua
1035 1213 1242 1297 Polystratus
1267 1199 1386 1298 prioris
1411 1233 1528 1280 causae
1553 1214 1632 1280 iudi·

302 1323 386 1390 cium
420 1321 604 1414 rescindere
639 1327 774 1387 conatus
809 1320 863 1387 sit.
924 1307 1029 1406 Quam
1062 1321 1280 1388 coniecturam
1323 1322 1519 1388 reiciendam
1562 1340 1633 1387 esse

177 1464 179 1468 v
301 1447 411 1497 omues
435 1427 579 1495 homines
596 1428 682 1493 docti
705 1428 953 1494 intellexerunt:
980 1429 1190 1510 nequeenim
1216 1436 1386 1496 accusator
1402 1429 1462 1495 hac
1486 1427 1633 1494 oratioue

301 1538 510 1621 Polystratus
535 1535 612 1620 agit,
639 1535 695 1601 sed
719 1554 794 1602 reus
818 1535 1013 1602 defenditur.
1054 1536 1179 1603 Contra
1196 1536 1419 1602 Phalheimius
1442 1537 1481 1601 de
1505 1534 1633 1602 actione

302 1645 484 1734 ἀπογραφῆς
507 1643 668 1728 cogitavit
690 1643 724 1708 in
742 1644 964 1727 Polystratum
989 1643 1125 1720 intenta,
1152 1651 1223 1711 cum
1239 1645 1382 1731 multam
1397 1642 1432 1709 in
1450 1643 1559 1726 priore
1577 1642 1633 1708 lite

299 1752 483 1836 impositam
515 1770 578 1817 nou
610 1750 755 1820 solverit.
804 1750 910 1836 Quam
941 1750 1123 1834 opinionem
1154 1757 1188 1817 et
1218 1751 1375 1840 Roehlius
1407 1749 1568 1818 refutavit
1599 1757 1633 1814 et

300 1859 435 1926 Polrlius
458 1860 522 1942 (De
550 1858 697 1925 oratione
721 1878 778 1941 pro
803 1859 992 1941 Polystrato
1017 1859 1173 1942 Lysiaca,
1200 1861 1374 1942 Angenior.
1404 1860 1498 1934 1881,
1523 1877 1552 1939 p.
1567 1859 1630 1939 81).

411 1966 533 2033 Verum
561 1965 690 2032 omnino
713 1966 849 2032 multam
880 1966 967 2031 illam
992 1985 1012 2031 a
1035 1966 1225 2050 Polystrato
1250 1985 1312 2032 non
1337 1985 1410 2032 esse
1435 1964 1573 2030 solutam
1599 1969 1633 2028 et

299 2074 334 2140 iu
357 2073 466 2140 eodem
491 2079 683 2155 argumento
701 2073 734 2138 in
760 2092 822 2155 quo
846 2073 986 2155 priorem
1010 2073 1169 2140 actionem
1195 2075 1329 2140 alteram
1356 2091 1481 2155 quoque
1505 2063 1632 2137 versari

194 2207 201 2222 ·
299 2200 391 2248 nemo
415 2180 575 2264 probavit.

411 2289 495 2354 Nam
520 2287 603 2370 quod
628 2292 648 2370 ξ
674 2288 714 2354 15
738 2299 802 2362 πῶς
826 2285 862 2352 ἂν
886 2285 938 2354 οὖν
962 2285 1018 2353 οὒκ
1041 2285 1078 2352 ἂν
1103 2289 1186 2356 δεινά
1209 2293 1383 2374 πάσχοιμεν
1407 2287 1631 2352 Τ110111011111110

299 2396 339 2462 ad
370 2397 471 2462 verba
500 2399 520 2478 ὅ
553 2397 594 2460 14
624 2393 706 2483 duple
736 2401 882 2482 χρήματα
908 2405 1044 2460 ’τοσαῦτα
1078 2402 1210 2462 revocat
1240 2402 1398 2477 putatque
1422 2394 1514 2475 queri
1545 2394 1630 2460 filios

298 2509 423 2568 tantam
447 2521 582 2584 poenam
599 2501 663 2567 sibi
686 2501 873 2567 solvendam
897 2520 984 2568 esse:
1010 2503 1131 2568 rectius
1149 2503 1207 2569 illa
1222 2503 1380 2585 verbaad
1404 2521 1523 2569 novum
1547 2501 1631 2583 qnod

299 2629 353 2678 reo
377 2609 525 2700 imminet
548 2608 726 2690 periculum
751 2609 881 2675 rettulit
904 2609 1040 2675 Pohlins
1065 2631 1095 2692 p.
1119 2612 1170 2677 20.

410 2714 569 2782 Similiter
584 2720 605 2798 ξ
623 2717 733 2781 181101
749 2719 791 2803 μὴ
807 2719 995 2802 θαυμάζετε,
1021 2715 1044 2780 ὦ
1061 2716 1090 2782 ἄ.
1108 2718 1147 2796 d„
1171 2715 1216 2781 ὅτι
1232 2726 1364 2782 τοσαῦτα
1381 2715 1463 2806 ὦφλε
1483 2723 1628 2805 χρήματα

299 2822 555 2906 magnitudinem
579 2822 701 2889 multae
717 2841 780 2888 non
806 2823 877 2888 ideo
901 2828 1038 2889 excusat
1052 2829 1172 2903 orator,
1198 2824 1275 2906 quia
1299 2825 1437 2890 nondum
1462 2825 1569 2890 soluta
1586 2823 1629 2889 sit

297 2929 477 3012 (Phalheim
501 2950 530 3011 p.
557 2931 616 3013 14),
642 2931 697 2996 sed
723 2949 762 2995 ne
785 2949 887 3012 grave
911 2931 1031 2998 crimen
1056 2950 1076 2996 0
1099 2951 1154 2996 reo
1178 2932 1382 2997 commissum
1407 2949 1477 2996 esse
1507 2929 1629 2995 iudices

298 3037 362 3102 sibi
385 3037 613 3118 persuadeant.
1276 3117 1279 3122 ¹

408 3144 484 3210 Non
512 3143 632 3209 maiore
663 3143 735 3210 iure
758 3144 868 3210 verbis
892 3149 912 3228 8
936 3147 978 3210 33
1010 3145 1115 3213 utitur
1139 3145 1371 3212 'Phalheimius
1423 3144 1487 3211 Ubi
1518 3149 1629 3210 orator

298 3255 397 3332 caput
419 3270 527 3331 suum,
552 3271 614 3316 non
640 3251 788 3317 fortunas
812 3251 845 3316 in
871 3252 1014 3334 periculo
1038 3271 1109 3318 esse
1133 3263 1268 3335 questus
1293 3252 1385 3318 addit
1408 3251 1466 3326 ἕως
1490 3256 1545 3338 μὲν
1569 3255 1627 3336 γὰρ

298 3356 402 3446 εἰρήνη
427 3357 474 3446 ἧν,
493 3357 566 3446 ἡμῖν
590 3362 709 3447 φανερὰ
734 3357 822 3425 οὐσία
845 3363 898 3423 καὶ
921 3359 959 3448 ἦν
984 3358 999 3424 ὁ
1023 3364 1123 3446 πατὴρ
1149 3359 1269 3442 ἀγαθὸς
1291 3366 1448 3447 γεωργός·
1466 3357 1571 3447 ἐπειδὴ
1596 3361 1629 3424 δὲ

298 3463 457 3549 εἰσέβαλον
481 3463 509 3530 oi
537 3468 688 3553 πολέμιοι,
719 3471 838 3533 πάντων
862 3451 973 3531 τοῦτον
1004 3465 1225 3555 ἐστερήθημεν.
1274 3469 1314 3532 In
1341 3466 1448 3533 causis
1478 3467 1628 3533 fortunae

298 3572 485 3653 deperditae
519 3573 653 3638 multam
678 3592 803 3654 quoque
828 3575 1135 3639 commemorandam
1171 3573 1287 3651 fuisse,
1325 3573 1354 3639 si
1372 3574 1496 3640 ‘soluta
1531 3581 1627 3651 esser,

297 3679 469 3746 Roelrlium
504 3686 635 3745 secutus
663 3681 885 3746 Phallreimius
920 3687 1039 3746 censet.
1088 3679 1188 3762 Atqui
1222 3681 1261 3746 de
1296 3681 1403 3747 causis
1438 3681 1628 3748 imminutae

297 3786 448 3852 fortunae
471 3787 677 3853 recensendis
702 3807 764 3853 non
790 3788 915 3871 agitur:
940 3807 1020 3870 agro
1044 3807 1101 3854 suo
1126 3806 1160 3854 se
1185 3807 1242 3870 per
1265 3788 1341 3854 110111
1362 3790 1628 3872 Peloponnesiaci

295 3893 445 3959 miserias
471 3894 644 3976 spoliatum
668 3913 739 3960 esse
762 3902 853 3961 actor
877 3895 1023 3961 consulto
1047 3903 1080 3961 et
1105 3896 1247 3978 cogitate
1267 3895 1421 3975 affirmat,
1448 3904 1484 3962 ut
1507 3906 1541 3964 01
1564 3896 1625 3963 iac·

296 4007 391 4066 turae
419 4020 477 4083 pro
505 4021 541 4066 10
570 4001 699 4084 publica
728 4002 833 4068 100100
864 4002 986 4068 iudices
1016 4002 1282 4070 commonefaciat
1307 4009 1341 4068 01
1372 4003 1626 4071 misericordiam

297 4107 360 4172 sibi
379 4107 537 4190 conciliet.
580 4113 609 4174 A
628 4128 689 4190 quo
707 4110 841 4175 consilio
865 4129 998 4192 prorsus
1023 4111 1130 4176 aliena
1147 4118 1218 4177 erat
1242 4111 1363 4176 multae
1380 4111 1469 4176 illins
1494 4112 1624 4177 mentio.

297 4213 390 4300 Quae
414 4222 521 4281 auteur
546 4217 660 4282 statim
684 4224 864 4299 sequuntur
886 4216 963 4282 ὥστε
988 4215 1085 4282 αὐτῶν
1109 4217 1332 4285 coeruleum
1356 4222 1511 4304 πρόθυμοί
1535 4216 1626 4304 ἐσμεν

296 4318 451 4408 εἰςεῦμάς,
477 4322 590 4398 εἰδότες
612 4323 656 4389 ὅτι
686 4331 833 4412 χρήματα
858 4329 912 4411 μὲν
936 4323 1008 4413 ἡμῖν
1037 4323 1105 4391 οὐκ
1135 4326 1214 4390 ’ἐστι
1245 4328 1366 4389 πόθεν
1398 4323 1625 4410 ἐντίσωμεν,

297 4428 382 4524 αὐτοὶ
402 4432 438 4494 δὲ
468 4434 622 4517 πρόθυμοι
653 4431 737 4502 ὄντες
765 4430 809 4502 εἰς
838 4428 919 4518 ὑμᾶς
949 4430 1121 4519 ἀξιοῦμεθα
1153 4429 1352 4517 εὑρίσκεσθαι
1383 4435 1491 4517 χάριν,
1523 4451 1562 4496 ea
1585 4432 1626 4496 ad

295 4536 430 4604 multam
459 4537 749 4618 imminentem,
783 4557 879 4620 quam
902 4538 1087 4620 impositum
1112 4557 1175 4604 non
1200 4538 1242 4603 iri
1266 4544 1376 4620 speret
1400 4543 1525 4618 orator,
1556 4557 1626 4620 per·

296 4643 402 4709 tinere
419 4643 540 4710 iniuria
557 4652 656 4728 negat
671 4645 904 4724 Phalheimius
930 4665 1001 4711 cum
1018 4647 1057 4712 de
1074 4647 1178 4711 multa
1193 4645 1258 4711 iam
1277 4642 1431 4725 imposita
1446 4646 1625 4725 nequedum

295 4751 402 4816 soluta
426 4770 464 4815 ea
487 4753 597 4818 valere
621 4755 805 4819 contendat.
846 4754 1004 4821 Conferas
1028 4753 1221 4841 111011οξ81
1248 4751 1283 4818 od
1307 4757 1365 4838 γὰρ
1390 4751 1480 4841 ἡμεῖς
1502 4759 1625 4843 χρημά-
