3670 5536
747 558 788 610 De
806 556 902 612 iudicio
920 555 1039 613 Iuniano.
1497 559 1559 624 197

224 756 352 829 dedisse
368 755 413 838 (id
430 755 515 836 quod
530 761 703 821 accusator
718 752 862 822 Cluentii
879 753 1115 836 affirmaverat)
1138 753 1255 820 merito
1278 754 1391 821 Cicero
1414 753 1560 837 explodit

225 869 257 946 (ἕ
273 866 338 943 84).
378 863 441 931 Sed
459 882 531 928 cum
555 863 658 946 fingat
674 862 750 928 inde
767 861 954 928 Cluentium
978 859 1112 926 crimine
1129 857 1256 927 absolvi
1270 860 1413 939 nimium,
1431 863 1557 944 probat.

225 969 332 1038 Simili
356 969 496 1037 artificio
512 989 554 1036 ex
577 971 673 1051 culpa
689 969 873 1053 Oppianici,
900 988 994 1049 quam
1019 967 1225 1041 manifestam
1249 968 1352 1034 fuisse
1367 967 1458 1044 dicit,
1482 967 1557 1034 buic

224 1077 285 1144 soli
302 1097 430 1144 causam
452 1076 555 1143 inisse
579 1076 703 1142 iudices
720 1075 945 1158 corrumpendi
963 1074 1073 1141 efficit.
1112 1075 1227 1157 Neque
1243 1096 1321 1143 vero
1345 1075 1413 1158 ipse
1430 1077 1557 1158 culpam

224 1183 398 1267 Oppianici
414 1183 575 1267 probavit.
613 1184 699 1249 Nam
717 1184 849 1265 nequid
866 1183 971 1249 dicam
988 1184 1027 1248 de
1043 1181 1155 1248 multis
1172 1202 1210 1248 ac
1225 1181 1362 1249 nefariis
1379 1183 1557 1250 sceleribus

223 1291 404 1375 Oppianico
428 1290 650 1374 exprobratis,
682 1297 814 1374 propter
838 1309 920 1372 quae
944 1290 972 1356 is
996 1308 1072 1356 reus
1104 1309 1167 1355 non
1191 1290 1314 1367 l'aotuS,
1346 1290 1462 1364 nedum
1487 1310 1556 1357 con·

223 1401 394 1466 demnatus
424 1403 489 1464 est:
527 1399 630 1480 ipsum
667 1399 747 1464 illud
782 1397 918 1477 crimen,
944 1418 1006 1480 quo
1030 1418 1101 1466 cum
1126 1399 1324 1464 Scamandro
1348 1403 1382 1465 et
1404 1397 1557 1464 Fabricio

222 1507 264 1572 ad
281 1505 469 1574 Cluentium
485 1525 611 1572 veneno
636 1506 813 1571 tollendum
831 1525 897 1570 rem
915 1505 1204 1572 communicavisse
1228 1505 1446 1585 insimulatur,
1471 1504 1558 1572 infir·

223 1613 379 1680 missimis
414 1612 617 1696 argumentis
654 1613 783 1679 nititur.
833 1613 1021 1680 Cavendum
1058 1612 1161 1694 igitur
1197 1619 1247 1678 est
1282 1632 1323 1678 ne
1359 1611 1559 1693 decipiamur

223 1719 364 1804 argutiis
394 1719 512 1801 quibus
544 1719 663 1800 utitur,
697 1739 770 1786 oum
800 1740 859 1802 pro
891 1721 1089 1786 Scamandro
1120 1725 1155 1786 et
1185 1719 1337 1786 Fabricio
1369 1726 1558 1786 constanter

223 1827 398 1911 Oppianici
426 1847 541 1893 nomen
565 1827 745 1894 substituat
773 1831 807 1914 (ξ
835 1829 886 1893 20.
916 1829 960 1893 43
989 1829 1052 1911 al).
1100 1831 1203 1894 Immo
1227 1827 1401 1910 Oppianici
1431 1828 1556 1910 culpam

223 1955 293 2003 oum
324 1955 387 2001 non
412 1935 688 2003 demonstraverit
715 1935 845 2013 Cicero,
887 1935 1019 2003 videtur
1050 1955 1113 2001 non
1143 1935 1289 2017 potuisse
1319 1935 1556 2002 demonstrare:

223 2064 282 2110 nec
312 2046 383 2109 sine
413 2061 514 2108 causa
544 2042 720 2125 suspiceris
748 2041 894 2110 Cluentii
925 2043 998 2108 odio
1029 2051 1063 2109 et
1093 2042 1210 2110 fraude
1241 2051 1308 2108 tum
1341 2042 1556 2126 Oppianicum

222 2152 384 2218 insontem
408 2169 479 2217 esse
503 2169 702 2232 oppressum.

335 2259 436 2326 Certe
452 2279 493 2324 ex
509 2259 579 2342 ipso
602 2257 715 2324 iudicii
732 2263 852 2324 eventu
872 2257 1054 2324 luculenter
1071 2263 1207 2341 apparet
1224 2257 1410 2326 Cluentium
1434 2257 1558 2325 iudices

223 2368 360 2451 pecunia
384 2365 517 2449 cepisse.
566 2365 810 2433 Condemnatus
838 2365 924 2430 enirn
948 2375 999 2432 est
1023 2365 1239 2450 Oppianicus,
1269 2365 1352 2433 vicit
1375 2365 1556 2434 Cluentius.

224 2479 335 2560 Atque
359 2474 657 2541 condemnaverunt
680 2473 781 2550 illum,
808 2491 878 2539 cum
896 2473 1025 2538 omnino
1050 2473 1189 2556 triginta
1206 2473 1269 2539 duo
1292 2473 1416 2540 iudices
1435 2479 1555 2552 essent,

223 2582 440 2667 septendecim
472 2580 610 2659 iudiceS,
646 2582 667 2646 i.
694 2602 720 2647 e.
752 2585 801 2646 tot
831 2586 911 2662 quot
941 2580 1117 2647 necessarii
1149 2587 1260 2648 esseut
1290 2582 1332 2646 ad
1360 2580 1557 2647 sententiam

223 2691 441 2765 efficiendam,
474 2688 689 2756 absolverunt
720 2688 875 2770 quinque,
909 2707 1023 2777 novem
1050 2709 1112 2754 non
1143 2690 1269 2773 liquere
1292 2688 1455 2754 dixerunt.
1504 2690 1557 2754 Elx

224 2796 441 2882 septendecim
466 2816 544 2863 vero
569 2795 635 2861 illis
658 2795 821 2863 iudicibus
845 2795 900 2876 qui
930 2797 1229 2865 condemnaverunt
1253 2802 1324 2862 octo
1354 2800 1468 2878 postea
1492 2815 1556 2862 cor·

223 2907 312 2989 rupti
336 2905 449 2971 iudicii
473 2903 609 2970 infamia
632 2909 710 2970 sunt
734 2903 891 2985 adspersi.
938 2893 1087 2988 Quare,
1120 2912 1157 2970 ut
1181 2903 1229 2969 ait
1251 2902 1411 2970 Bardtius
1445 2908 1486 2986 (p.
1513 2905 1556 2986 7),

224 3015 323 3082 etiam
359 3011 473 3079 Cicero
510 3011 545 3076 in
580 3012 752 3095 angustias
786 3013 971 3094 compulsus
1006 3018 1074 3092 est;
1115 3031 1176 3094 quo
1212 3010 1391 3077 studiosius
1427 3009 1558 3076 nomina

224 3121 353 3203 quaerit
369 3119 513 3187 virorum
539 3118 628 3185 nullo
652 3120 744 3185 modo
762 3126 994 3203 suspectorum,
1021 3119 1076 3203 qui
1100 3118 1387 3185 condemnaverint
1404 3117 1558 3200 Oppiani-

224 3247 305 3296 cum.
350 3229 405 3294 lta
429 3226 560 3292 nomina
584 3226 681 3293 affert
704 3234 857 3309 tanquam
882 3227 1005 3293 selecta
1027 3247 1068 3295 ex
1091 3226 1213 3292 maiore
1236 3245 1369 3292 numero
1394 3225 1557 3292 bominum

224 3340 434 3403 obscurorum
461 3354 592 3413 novem,
624 3334 681 3418 qui
712 3354 789 3411 oum
808 3335 899 3401 nulla
928 3335 1030 3401 inusti
1055 3340 1165 3401 essent
1189 3341 1281 3410 nota,
1315 3353 1370 3399 eos
1401 3337 1556 3414 tanquam

224 3441 423 3526 exemplaria
447 3443 582 3510 virtutis
607 3448 641 3509 et
664 3441 845 3524 sapientiae
869 3444 990 3510 laudat.
1030 3444 1234 3528 Quamquam
1258 3462 1298 3508 ue
1313 3461 1411 3508 unum
1429 3441 1558 3523 quidem

224 3552 343 3618 addere
372 3549 494 3632 potuit:
528 3549 680 3616 nimirum
705 3571 747 3617 ex
777 3569 891 3618 novem
919 3551 999 3617 viris
1023 3554 1064 3617 ab
1088 3569 1125 3617 eo
1156 3549 1299 3616 laudatis
1323 3557 1357 3619 et
1388 3555 1459 3616 octo
1489 3548 1557 3615 illis

224 3658 386 3742 suspectis
418 3658 488 3740 ipse
524 3677 678 3724 numerus
713 3658 856 3724 efficitur
890 3677 999 3724 eorum
1030 3658 1086 3740 qui
1122 3678 1212 3724 reum
1247 3658 1555 3724 condemnaverunt.

225 3769 318 3854 Quod
344 3766 455 3849 magni
480 3765 635 3832 momenti
666 3785 738 3832 esse
761 3767 803 3832 ad
833 3765 974 3833 oratoris
1006 3767 1320 3849 argumentationem
1352 3772 1439 3832 recte
1463 3765 1556 3832 aesti-

224 3877 373 3943 mandam
398 3873 557 3941 Bardtius
581 3874 681 3940 addit.

339 3985 384 4048 At
408 3983 467 4048 boc
490 3981 560 4047 loco
585 3999 700 4048 vereor
724 4001 764 4047 ne
788 3981 947 4048 Bardtius
977 3982 1010 4047 iu
1034 3999 1090 4048 eas
1114 4001 1194 4062 quas
1219 3988 1330 4048 orator
1353 3980 1558 4049 auditoribus

224 4093 356 4174 paravit
378 4089 519 4156 insidias
542 4087 719 4154 inciderit..
754 4089 870 4170 Neque
894 4089 980 4154 euim
1004 4107 1118 4155 novem
1148 4089 1197 4154 illi
1222 4087 1304 4166 viri,
1339 4106 1417 4171 quos
1442 4089 1557 4156 Cicero

226 4200 249 4286 ξ
276 4201 336 4264 107
363 4203 607 4270 commemorat,
636 4195 700 4278 ipsi
724 4195 773 4261 illi
796 4196 853 4276 qui
876 4204 1008 4278 praeter
1032 4204 1104 4262 octo
1127 4196 1251 4262 iudices
1276 4202 1443 4278 suspectos
1468 4216 1558 4262 reum

225 4307 527 4372 condemnaverunt
550 4303 764 4386 intellegendi
788 4323 861 4370 esse
884 4304 1048 4380 videntur,
1074 4305 1130 4369 sed
1155 4324 1196 4369 ex
1211 4323 1344 4369 numero
1361 4323 1432 4370 esse
1448 4305 1556 4370 decem

225 4413 378 4497 iudicum,
403 4412 459 4494 qui
483 4430 546 4476 non
571 4410 697 4492 liquere
720 4411 883 4478 dixerunt.
919 4411 1004 4479 Sane
1021 4411 1137 4478 Cicero
1160 4431 1215 4476 eos
1239 4410 1287 4477 ita
1310 4411 1415 4490 affert,
1441 4411 1557 4494 utqui

225 4519 364 4586 audiunt
388 4519 427 4584 de
450 4537 565 4584 novem
590 4518 752 4585 iudicibus
776 4519 830 4601 qni
854 4518 1143 4585 condemnaverint
1165 4519 1311 4600 cogitare
1330 4519 1489 4586 debeant:
1514 4519 1559 4585 id-

224 4646 287 4708 que
309 4626 453 4692 voluisse
476 4632 639 4692 oratorem
664 4626 739 4694 inde
762 4625 983 4710 intellegitur,
1014 4627 1098 4708 quod
1129 4645 1243 4694 novem
1274 4627 1404 4693 uomina
1433 4628 1559 4710 profert

226 4733 408 4815 reticetque
445 4753 485 4800 ex
520 4733 562 4799 iis
597 4733 650 4816 qui
683 4753 747 4800 non
780 4733 905 4816 liquere
935 4733 1090 4801 dixerunt
1121 4733 1288 4801 decimum.
1333 4734 1428 4819 Quod
1451 4735 1499 4800 ita
1523 4752 1558 4802 se

225 4843 348 4909 babere
372 4860 433 4923 quo
458 4841 579 4908 certius
603 4825 761 4926 appareat
784 4841 953 4912 Ciceronis
977 4841 1080 4927 ipsius
1105 4844 1207 4911 verba
1230 4841 1458 4914 examinemus.
