3670 5536
446 521 518 574 Num
539 521 677 575 Cluentius
696 521 728 573 de
749 520 859 576 crimine
878 521 968 576 iudicii
986 522 1103 591 corrupti
1122 537 1227 576 causam
1248 521 1351 576 dixerit.
1501 524 1564 588 201

231 736 318 797 num,
343 718 426 799 qnod
451 723 502 784 est
525 726 624 800 eaput
647 717 749 784 totius
773 718 1002 798 accusationis,
1022 717 1144 787 referre
1161 737 1225 784 non
1240 717 1440 786 dubitamus.
1467 718 1566 786 Certe

232 824 346 892 Cicero
385 825 455 907 ipse
483 828 543 938 bpc
571 825 737 906 oratione,
771 833 927 907 quantum
958 825 1092 892 dicendo
1116 827 1244 894 efficere
1272 830 1400 908 posset,
1435 825 1567 908 egregie

234 932 482 1000 demonstravit.

284 1381 316 1462 ΙΙ.
358 1381 442 1462 llum
471 1379 645 1462 Cluentius
673 1381 716 1461 de
745 1379 887 1461 crimine
916 1379 1027 1461 iudicii
1053 1380 1200 1484 corrupti
1225 1399 1370 1462 caueam
1395 1381 1515 1463 dixerit

846 1565 953 1636 scripsit

733 1721 946 1788 Francisous
968 1721 1065 1789 Bell.

347 1958 372 2019 1.
419 1954 457 2019 Τ.
483 1952 559 2018 neci
591 1952 791 2020 accusatoris
822 1956 1002 2018 orationem
1025 1951 1060 2017 in
1084 1952 1165 2017 duas
1188 1951 1328 2018 divisam
1352 1973 1424 2019 esse
1456 1962 1567 2036 partes

235 2060 349 2127 Cicero
374 2060 468 2126 nobis
493 2059 640 2126 tradidit.
675 2059 780 2144 Quam
805 2059 1015 2141 partitionem
1039 2061 1088 2124 ita
1111 2065 1269 2140 patronus
1294 2061 1384 2142 sequi
1410 2060 1473 2128 sibi
1497 2081 1567 2144 pro·

238 2167 355 2249 posuit,
382 2177 420 2232 ut
444 2167 514 2249 ipse
539 2186 664 2233 summa
688 2167 722 2232 ri
746 2172 844 2249 atque
868 2165 1032 2233 industria
1056 2165 1197 2231 dilueret
1213 2167 1371 2235 invidiam
1392 2187 1432 2233 ex
1448 2167 1568 2234 iudicio

186 2327 188 2332 .
234 2274 291 2340 illo
315 2275 456 2341 Iuniano
480 2274 512 2340 in
539 2274 725 2341 Cluentium
750 2273 941 2351 conflatam,
967 2272 1086 2338 crimen
1113 2273 1230 2339 veneni
1263 2273 1296 2339 in
1320 2274 1384 2340 fine
1408 2274 1566 2342 orationis

235 2401 330 2464 quam
355 2381 549 2448 brevissime
574 2380 743 2447 refutaret.
779 2379 919 2447 Crimini
943 2379 1048 2462 igitur
1072 2379 1185 2446 iudicii
1210 2381 1356 2463 corrupti
1379 2378 1450 2448 cnm
1467 2384 1569 2450 multo

235 2491 308 2573 plus
331 2491 487 2562 momenti
512 2496 546 2556 ct
570 2495 792 2556 accusatorem
818 2495 851 2552 et
874 2494 1047 2581 patronum
1064 2486 1222 2553 tribuisse
1240 2489 1447 2555 manifestum
1471 2496 1568 2569 esset,

235 2598 421 2665 Cluentium
448 2617 510 2663 non
536 2598 639 2665 solum
664 2598 703 2662 de
728 2595 863 2661 crimine
887 2594 1016 2669 veneni,
1041 2595 1220 2660 sedetiam
1246 2597 1285 2661 de
1302 2596 1438 2663 crimine
1454 2597 1568 2664 indicii

234 2704 379 2787 corrupti
404 2724 534 2770 causam
558 2704 682 2770 dixisse
705 2703 788 2770 viris
812 2701 916 2766 doctis
928 2702 950 2783 ¹)
975 2721 1165 2783 persuasum
1190 2710 1270 2768 erat.
1318 2703 1424 2787 Quam
1449 2703 1568 2786 opinio·

166 2800 168 2805 ’
235 2831 309 2878 nem
333 2812 458 2895 primus
475 2811 634 2878 Bardtius
651 2811 703 2876 vir
720 2810 928 2875 doctissimus
945 2808 979 2873 in
995 2828 1103 2891 progr.
1122 2829 1229 2893 gymn.
1248 2810 1416 2877 Ncuwied.
1434 2830 1463 2878 a.
1484 2815 1568 2878 1878

235 2920 418 2986 convellere
442 2924 541 3000 atque
557 2926 707 2984 evertere
724 2926 861 2982 conatus
878 2923 946 2983 est:
970 2935 1061 2997 quem
1080 2922 1169 2982 recte
1192 2915 1355 2984 iudicasse
1372 2920 1429 2985 Iw.
1448 2919 1570 2986 Mtiller

234 3025 268 3091 in
296 3025 451 3091 Bursiani
475 3025 582 3090 annal.
614 3027 706 3103 1878,
732 3024 764 3089 ΙΙ
787 3043 815 3104 p.
843 3024 909 3089 204
936 3024 1121 3090 affirmavit.
1168 3024 1239 3090 Nos
1264 3045 1335 3091 cum
1359 3027 1399 3091 ad
1424 3025 1569 3108 priorum

235 3132 431 3199 sententiam
465 3132 662 3197 redeundum
691 3151 763 3196 esse
795 3149 1003 3208 censeamuS,
1035 3130 1173 3214 primum
1198 3150 1261 3197 non
1286 3138 1374 3198 recte
1398 3133 1569 3200 Bardtium

235 3241 333 3307 huius
349 3240 510 3307 orationis
527 3238 644 3320 quibus
661 3236 780 3302 nititur
796 3238 883 3303 locos
900 3237 1152 3319 interpretatum
1170 3257 1241 3304 esse
1258 3239 1568 3321 demonstrabimus;

235 3348 350 3414 deinde
383 3367 467 3429 quae
498 3346 599 3413 fuerit
628 3345 688 3412 illa
719 3360 819 3410 causa
842 3345 1030 3421 communis
1064 3346 1103 3411 de
1127 3365 1190 3426 qna
1214 3345 1246 3412 in
1272 3347 1332 3412 boc
1354 3347 1474 3414 iudicio
1498 3368 1569 3432 age·

234 3457 341 3534 batur,
365 3453 553 3520 accuratius
577 3471 780 3533 quaeremus.

347 3561 507 3627 Bardtius
531 3561 645 3644 igitur,
670 3568 708 3626 ut
731 3559 1026 3644 argumentationis
1050 3578 1208 3628 summanr
1233 3569 1429 3644 repetamus
1448 3564 1568 3630 Cluen-

235 3669 316 3735 tium
341 3688 405 3734 non
436 3666 550 3734 iudicii
580 3667 727 3750 corrupti
760 3675 948 3733 accusatum
982 3687 1071 3745 esse,
1106 3670 1163 3734 sed
1198 3671 1420 3736 tantummodo
1452 3671 1570 3738 veneni

233 3775 428 3843 contendit·
460 3777 584 3845 Verum
608 3775 693 3856 quod
716 3780 749 3840 et
774 3779 945 3840 accusator
977 3780 1011 3840 et
1041 3782 1198 3857 patronus
1230 3776 1403 3842 maximam
1433 3786 1570 3861 uterque

234 3883 395 3950 orationis
430 3892 558 3965 partem
594 3882 643 3948 illi
678 3901 796 3948 causae
832 3882 1011 3961 tribueret,
1050 3883 1200 3966 alterum¹
1224 3883 1351 3950 invidia
1383 3884 1571 3952 inveterata

233 3991 346 4057 iudicii
371 3990 503 4057 Iuniani
536 4009 628 4055 reum
659 3990 795 4072 perdere
825 3989 998 4068 statuisse;
1031 3990 1221 4058 Ciceronem
1251 4011 1329 4058 vero
1361 3997 1398 4057 ut
1428 3993 1570 4059 iudicum

235 4098 354 4164 animis
388 4098 478 4163 illam
510 4096 694 4178 opinionem
729 4096 784 4161 diu
818 4095 966 4161 omnibus
999 4095 1132 4163 infixam
1169 4104 1392 4180 extorqueret,
1423 4120 1491 4166 rem
1522 4106 1570 4167 ita

233 4206 410 4283 inflexisse,
438 4212 474 4271 ut
498 4223 598 4280 reum,
624 4203 773 4285 quamvis
797 4209 885 4268 esset
909 4222 1007 4284 eques
1024 4206 1199 4290 Romanus,
1223 4206 1262 4271 de
1278 4204 1398 4270 indicio
1415 4215 1568 4289 corrupto

235 4333 366 4380 causam
392 4313 500 4379 dicere
523 4312 670 4395 fingeret.
721 4313 831 4393 Atque
862 4330 933 4376 eam
964 4310 1065 4376 fuisse
1095 4313 1254 4378 rationem
1277 4293 1342 4393 qua
1366 4312 1481 4379 Cicero
1505 4315 1567 4380 effi-

236 4426 334 4505 ceret,
368 4427 405 4487 ut
439 4439 475 4486 sa
510 4421 664 4486 tenebras
700 4418 854 4485 offudisse
887 4417 1049 4484 indicibus
1084 4418 1118 4484 in
1154 4439 1255 4486 cansa
1288 4420 1420 4487 Cluenti
1456 4428 1569 4503 postea

233 4528 369 4611 gloriari
393 4534 515 4610 posset.

342 4725 363 4796 ¹)
382 4727 534 4794 Biemann,
558 4725 634 4782 Rom.
655 4723 752 4782 Gesoh.
771 4725 805 4792 V,
824 4741 849 4794 p.
867 4723 921 4778 363
940 4739 1012 4792 sqq,
1042 4725 1153 4793 Zumpt,
1179 4723 1258 4778 Crim.
1281 4722 1366 4778 Recht
1385 4725 1421 4794 ll,
1439 4726 1457 4779 2
1475 4743 1500 4794 p.
1519 4681 1569 4792 aa,

235 4816 334 4886 Lange,
354 4816 429 4869 Rom.
449 4815 503 4869 Alt.
523 4814 593 4884 1112,
614 4816 674 4869 222.
