3670 5536
294 526 359 592 20⁶2
843 525 1002 580 Francisous
1022 524 1079 578 Bell

272 740 276 753 ¹
336 715 345 758 Ψ
397 725 475 789 «lam
498 723 668 789 videamus
692 738 851 803 quaenam
884 726 1077 804 argumenta
1111 740 1151 787 ex
1183 722 1255 805 ipsa
1281 721 1449 790 Ciceronis
1480 721 1628 788 oratione

293 829 429 911 petierit
451 828 504 894 vir
527 831 651 896 doctus.
703 829 813 896 Primo
837 830 942 912 igitur
964 829 1033 894 loco
1066 849 1135 895 cnm
1161 829 1282 911 passini
1308 836 1389 924 tum·
1412 829 1445 895 in
1470 828 1628 894 orationis

293 935 389 1002 initio
420 935 558 1002 crimina
590 941 624 1002 et
656 936 813 1003 invidiam
850 940 1001 1002 accurate
1037 936 1209 1019 seiungere
1246 936 1435 1003 Ciceronem
1470 935 1627 1002 Bardtius

294 1043 412 1109 statuit
446 1048 487 1125 (p.
512 1045 556 1126 3).
614 1042 775 1127 Quoniam
818 1049 926 1109 autern
963 1043 1102 1109 crimina
1133 1063 1153 1108 a
1185 1051 1323 1125 patrono
1365 1044 1430 1110 dici
1470 1042 1629 1112 veneficia

294 1151 426 1219 Cluenti
455 1152 577 1216 scelere
607 1151 782 1231 instituta,
817 1149 974 1217 invidiam
1010 1149 1124 1216 iudicii
1165 1151 1299 1216 Iuniani
1333 1150 1477 1232 corrupti
1513 1170 1627 1233 oppro-

204 1346 205 1349 ,
294 1259 398 1325 brium
423 1257 630 1349 manifestum
655 1258 714 1336 sit,
740 1258 824 1323 hanc
848 1276 980 1322 causam
1005 1257 1092 1323 inter
1116 1256 1253 1323 crimina
1277 1257 1378 1324 luisse
1403 1257 1491 1323 etin
1518 1256 1627 1324 libello

294 1365 445 1433 Cluentio
469 1365 629 1431 obiectam
653 1385 725 1432 esse
750 1372 858 1447 negat.
906 1365 971 1436 Sed
995 1383 1035 1430 ne
1059 1363 1094 1430 in
1117 1365 1280 1446 prooemio
1310 1365 1439 1447 quidem
1468 1365 1627 1431 invidiam

290 1471 327 1540 'et
350 1467 488 1538 crimine
512 1492 641 1554 semper
668 1471 785 1554 opponi
817 1491 857 1537 ex
882 1475 902 1554 ξ
927 1475 946 1534 8
971 1472 1092 1546 elucet,
1126 1471 1182 1537 ubi
1208 1471 1322 1538 Cicero
1354 1471 1404 1537 bis
1437 1473 1538 1539 verbo
1569 1471 1627 1536 cri-

294 1580 391 1646 minis
423 1580 532 1646 eodem
565 1599 662 1645 sensu
694 1579 801 1644 utitur
831 1597 893 1659 quo
912 1563 1008 1644 'alias
1032 1577 1174 1644 invidia:
1205 1577 1412 1661 „Adgrediar
1440 1580 1481 1644 ad
1505 1578 1628 1644 crimen

294 1707 364 1754 cum
389 1688 447 1754 illa
471 1688 719 1769 deprecatione“
745 1693 778 1776 et
803 1685 1002 1766 „Hodierno
1028 1685 1113 1751 enim
1138 1685 1190 1750 dic
1215 1686 1352 1768 primum
1378 1685 1500 1752 veteris
1530 1685 1628 1751 istius

293 1794 439 1861 criminis
463 1794 608 1860 diluendi
632 1800 778 1875 potestas
802 1800 857 1858 est
877 1793 985 1858 dala“.
1034 1793 1148 1873 Neque
1173 1794 1232 1858 hoc
1256 1792 1394 1858 Bardtio
1418 1792 1623 1859 concedimus

292 1903 325 1968 in
349 1903 413 1968 line
438 1901 597 1967 orationis
621 1906 655 1984 (ξ
678 1903 757 1984 200)
780 1899 898 1965 iterum
922 1901 1036 1965 falsam
1062 1898 1218 1965 iuvidiam
1248 1910 1282 1964 et
1313 1899 1457 1982 pericula
1480 1900 1628 1982 seiungi:

292 2008 389 2075 immo
415 2016 485 2087 „tot
509 2027 611 2074 annos
634 2008 667 2074 iu
693 2008 779 2073 falsa
802 2006 927 2072 invidia
950 2006 1169 2089 periculisque
1198 2013 1387 2075 versatum‘
1422 2007 1503 2074 nihil
1537 2007 1627 2074 aliud

292 2117 456 2200 significat
489 2115 554 2181 nisi
585 2115 640 2195 „in
664 2114 768 2180 falsae
791 2113 936 2180 invidiae
961 2113 1115 2196 periculis
1140 2121 1347 2194 versatum“;
1383 2115 1422 2180 cl.
1451 2115 1535 2202 §82
1567 2115 1628 2194 „dc

292 2223 514 2290 communibus
538 2223 683 2290 invidiae
707 2221 894 2304 periculis‘.
1510 2299 1511 2304 ἵ

404 2329 532 2396 Deinde
564 2329 587 2417 ξ
614 2332 677 2394 160
707 2348 787 2395 suae
821 2327 966 2411 opinioni
997 2329 1144 2395 arridere
1168 2329 1328 2396 Bardtius
1360 2330 1422 2396 sibi
1453 2329 1627 2412 persuasit.

292 2438 365 2523 Quo
381 2439 451 2502 loco
468 2440 630 2502 oratorem
652 2455 722 2502 cum
744 2435 881 2502 crimina
902 2436 1018 2502 veneni
1036 2435 1160 2502 diluere
1180 2436 1347 2518 inciperet,
1365 2437 1502 2504 disertis
1518 2437 1629 2504 verbis

292 2545 477 2611 discernere
513 2563 566 2610 res
602 2563 707 2625 „quae
743 2542 840 2608 huius
873 2541 1076 2624 quaestionis
1108 2551 1240 2608 essent“
1271 2546 1313 2608 ab
1346 2543 1514 2622 „invidia‘f
1540 2554 1628 2611 recte

292 2652 470 2719 contendit.
519 2652 642 2720 Verum
673 2651 795 2716 crimen
827 2649 939 2716 iudicii
972 2650 1117 2732 corrupti
1150 2637 1268 2729 „hrrius
1302 2651 1505 2733 quaestionis
1533 2660 1627 2718 esse“

292 2741 408 2828 Cicero
430 2751 584 2842 negavit,
618 2777 681 2824 non
714 2757 790 2852 quia
821 2777 858 2823 eo
883 2756 1011 2826 nomine
1036 2777 1112 2824 reus
1137 2777 1200 2824 non
1230 2767 1318 2825 esset
1351 2759 1540 2837 Cluentius,
1572 2760 1628 2826 sed

292 2867 368 2950 quia
391 2867 462 2950 lege
486 2865 650 2950 Cornelia,
682 2885 769 2946 „que
799 2865 871 2948 lege
903 2866 981 2931 haec
1013 2865 1160 2946 quaestio
1190 2876 1263 2931 erat
1291 2865 1504 2946 constituta“,
1530 2886 1628 2948 eques

291 2975 458 3042 Romanus
482 2989 546 3040 non
571 2974 785 3056 tenebatur.¹)
827 2974 877 3039 At
900 2973 981 3038 miro
1006 2972 1143 3054 quodam
1167 2991 1278 3040 errore
1302 2974 1355 3042 vir
1379 2974 1494 3040 doctus
1525 2980 1627 3039 totum

292 3085 377 3148 hunc
400 3078 506 3147 locum
530 3080 563 3146 in
588 3099 679 3146 suam
709 3093 835 3162 partem
868 3081 999 3146 trahere
1024 3069 1175 3158 studuit,
1209 3099 1281 3146 oum
1313 3080 1416 3164 ipsius
1445 3080 1628 3147 sententiae

291 3189 388 3270 plane
425 3189 581 3254 obstaret.
630 3187 809 3256 Videamus
849 3189 921 3269 ipsa
949 3187 1091 3252 oratoris
1122 3190 1241 3254 verba:
1276 3189 1438 3270 „Reliqua
1466 3208 1629 3271 perpauca

292 3305 385 3374 sunt,
420 3313 502 3377 quac
534 3294 610 3375 quia
633 3301 765 3361 vestrae
789 3294 992 3377 quaestionis
1016 3301 1111 3362 erant
1134 3294 1254 3360 idcirco
1285 3294 1334 3360 illi
1358 3301 1549 3361 statuerunt
1571 3295 1627 3362 iin-

292 3403 399 3486 gendo
423 3421 494 3467 esse
518 3399 581 3466 siui
606 3408 640 3467 et
662 3402 867 3484 proferenda,
893 3422 934 3468 ne
958 3402 1100 3467 omnium
1126 3402 1308 3483 turpissimi
1334 3402 1573 3485 reperirentur,
1599 3402 1628 3469 si

292 3511 325 3576 in
358 3509 514 3576 iudicium
549 3508 632 3576 nihil
660 3516 793 3591 praeter
823 3510 980 3578 iuvidiam
1011 3511 1235 3576 attulissent“.
1285 3509 1374 3575 Hine
1405 3509 1563 3576 invidiam
1587 3528 1628 3575 ex

291 3616 411 3682 iudicio
435 3615 577 3683 Iuniano
606 3617 639 3681 in
666 3616 854 3684 Cluentium
884 3617 1072 3693 conflatam,
1104 3622 1141 3682 ut
1175 3635 1291 3682 nornen
1323 3616 1371 3682 rei
1404 3615 1461 3682 illa
1492 3616 1629 3682 inlcmia

292 3720 545 3806 opprimeretur,
585 3723 617 3790 in
659 3724 861 3791 accusatoris
896 3724 1044 3790 oratione
1081 3724 1186 3790 denuo
1222 3724 1381 3804 prolatam
1410 3743 1489 3804 ,esse
1525 3742 1628 3803 neque

293 3838 402 3900 tamen
427 3833 461 3906 in
485 3830 596 3896 libello
621 3851 692 3898 eam
716 3851 846 3898 causam
873 3831 974 3897 fuisse
998 3829 1158 3896 Bardtius
1182 3831 1355 3897 concludit.
1405 3830 1506 3912 Atqui
1538 3849 1626 3896 accu-

293 3945 431 4011 satores,
457 3936 485 4002 si
509 3957 572 4004 non
598 3937 720 4003 crimen
744 3937 872 4016 veneni,
898 3938 954 4003 sed
979 3937 1081 4016 „nihil
1099 3944 1231 4020 praeter
1247 3937 1404 4004 invidiam
1421 3938 1453 4002 in
1472 3935 1625 4002 iudicium

293 4044 513 4125 attulissent“,
546 4064 611 4112 non
639 4045 845 4127 turpissimos
870 4046 1038 4112 nominare
1061 4046 1169 4126 potuit
1193 4045 1323 4125 Cicero,
1354 4045 1384 4110 si
1407 4043 1525 4110 Bardti
1558 4062 1627 4108 sen·

295 4151 431 4218 tentiam
457 4152 560 4219 secuti
585 4172 715 4219 causam
740 4152 883 4220 invidiae
908 4153 941 4218 in
966 4151 1075 4218 libello
1105 4171 1168 4217 non
1201 4152 1302 4218 fuisse
1335 4159 1537 4218 statuamus:
1571 4150 1628 4216 sed

293 4259 357 4326 iam
382 4260 470 4325 nullo
503 4260 594 4325 modo
625 4259 779 4326 iudicium
809 4259 881 4326 fieri
913 4261 1035 4342 potuit,
1071 4278 1142 4326 cunr
1179 4259 1308 4326 omnino
1339 4258 1420 4324 nihil
1450 4257 1484 4322 in
1516 4256 1626 4322 libello

402 4455 421 4524 ¹)
440 4457 561 4510 Eundem
580 4456 607 4508 in
626 4457 733 4509 modum
752 4457 832 4510 etiam
852 4459 866 4526 ᾗ
887 4457 938 4511 164
956 4459 1180 4525 interpretamur:
1211 4453 1383 4525 „Cognoscite
1403 4452 1531 4520 nuncid,
1557 4453 1628 4521 quod

294 4547 327 4600 ad
346 4548 465 4600 vestrum
483 4546 668 4599 iusiurandum
687 4546 816 4614 pertinet,
842 4547 912 4615 quod
931 4547 1012 4600 vesun·
1031 4546 1121 4599 iudicii
1140 4548 1192 4605 est,
1213 4545 1282 4613 quod
1302 4542 1378 4597 vobis
1396 4541 1482 4596 oneris
1501 4541 1628 4609 imposuit

293 4651 325 4688 ea
336 4634 388 4700 lex,
408 4651 460 4703 qua
478 4636 562 4688 coacti
580 4635 632 4688 huc
652 4635 824 4703 convenistis,
850 4636 882 4689 de
902 4635 1056 4688 criminibus
1076 4634 1196 4688 voneni.“
1233 4632 1368 4702 Intellegit
1391 4631 1462 4684 enim
1484 4633 1625 4698 patronus:
1708 4674 1710 4679 .

295 4724 434 4790 „Alterum
460 4723 560 4782 onmeu
583 4741 634 4782 nou
661 4727 702 4782 eet
726 4725 808 4780 vestri
834 4724 936 4792 iudicii,
962 4724 1024 4795 quie
1048 4723 1185 4778 Cluentius
1205 4739 1255 4777 uon
1275 4723 1381 4776 senator
1399 4721 1454 4790 est,
1477 4719 1526 4774 sed
1544 4734 1626 4791 eques

295 4812 459 4873 Romanus.“
