3670 5536
283 494 346 558 110
883 493 913 549 G.
932 495 1018 565 Vogel

284 688 360 778 ilhrp
384 687 533 776 ὑπάρχειν
557 690 734 779 ἐπιτηδείως
757 685 899 778 ἔχουσαν.
941 694 1002 758 ἔστι
1026 696 1060 758 δὲ
1084 699 1241 785 πολιτικῆς
1263 704 1414 784 χορηγίας
1442 710 1559 783 πρῶτον
1582 705 1616 764 τό

280 821 311 862 τε
336 802 457 886 πλῆθος
480 810 537 864 των
563 797 744 884 ἀνθρώπων,
774 807 886 875 πόσοος
909 825 939 864 τε
964 807 1018 866 καί
1042 809 1146 876 ποίοος
1168 827 1252 876 τινας
1275 801 1423 890 ὑπάρχειν
1451 807 1497 869 δεῖ
1519 810 1616 891 tobosa,

279 909 435 971 καὶκατὰ
459 909 512 992 την
540 910 646 992 χώραν
681 905 839 984 ὡσαίιτως,
874 914 970 995 πόσην
1007 934 1036 972 τε
1073 909 1149 974 εἶναι
1183 915 1236 974 καὶ
1269 918 1358 976 ποίαν
1394 917 1459 976 τινὰ
1494 916 1615 1000 ταίτην.

280 1013 376 1077 Ηαιιο
402 1014 502 1093 ipsam
526 1020 634 1078 autem
659 1015 856 1078 seutentiam
887 1016 914 1078 si
944 1016 1050 1079 minus
1081 1017 1213 1081 disertis
1239 1019 1346 1083 verbis
1378 1029 1412 1084 at
1442 1040 1475 1083 re
1501 1029 1609 1084 tamen

282 1119 417 1200 respicit
442 1120 589 1201 pluribus
612 1120 694 1185 lo'cis
719 1121 794 1185 libri
819 1122 943 1201 quarti,
977 1123 1066 1186 velut
1097 1126 1192 1188 1288l
1216 1127 1257 1188 23
1287 1131 1361 1190 ποία
1388 1126 1439 1212 [sc.
1466 1130 1613 1210 πολιτεία]

279 1249 323 1296 τις
358 1225 394 1291 ἀν
431 1225 508 1292 οὖσα
541 1228 661 1314 μάλιστ’
698 1229 745 1315 εἴη
779 1227 846 1292 κατ’
882 1227 977 1315 εὐχὴν
1014 1231 1145 1316 μηδενὸς
1180 1230 1393 1317 ἐμποδίζοντος
1424 1245 1481 1298 των
1519 1233 1614 1308 ἐκτός,

279 1351 309 1412 p.
330 1334 428 1397 1288¹¹
445 1334 488 1398 30
512 1331 591 1414 λέγω
616 1335 649 1398 δὲ
674 1332 735 1398 οἷον
761 1334 791 1398 εἴ
812 1358 867 1398 τινι
891 1337 978 1399 πόλει
1003 1339 1179 1422 συμβέβηκε
1205 1343 1280 1425 μήτε
1304 1342 1358 1426 τὴν
1383 1338 1508 1427 ἀρίστην
1525 1344 1613 1406 πολι-

279 1443 426 1503 τείιεσδαι
450 1442 605 1506 πολιτείαν
631 1439 824 1528 ἀχορήγητον
848 1465 880 1505 τε
905 1441 982 1506 εἶναι
1011 1447 1145 1506 καὶτῶν
1171 1442 1356 1525 ἀναγκαίων,
1392 1467 1420 1527 p.
1453 1450 1547 1512 1288¹³
1572 1451 1613 1513 39

278 1557 329 1612 νῦν
354 1548 379 1609 δ’
405 1548 435 1610 οἳ
459 1552 513 1634 μὲν
537 1552 590 1635 τὴν
616 1547 787 1636 ἀκροτάτην
811 1553 865 1614 καί
888 1550 1036 1637 δεομένην
1060 1552 1179 1638 πολλης
1200 1559 1350 1640 χορηγίας
1374 1557 1494 1641 ζητοῦσι
1513 1561 1612 1641 μόνον.

279 1653 420 1721 Omnino
446 1673 523 1719 vero
548 1673 677 1720 oausam
709 1657 881 1738 eboregiae
917 1657 987 1723 sive
1022 1677 1130 1722 rerum
1166 1659 1205 1722 ad
1242 1679 1309 1724 rem
1341 1661 1501 1740 publicam
1534 1664 1613 1726 hene

281 1762 543 1826 constituendam
568 1763 825 1828 necessariarum
851 1764 978 1844 copiose
1002 1772 1035 1828 et
1060 1766 1151 1844 quasi
1184 1766 1262 1829 data
1291 1786 1389 1847 opera
1413 1767 1612 1832 Aristoteles

277 1868 362 1933 libro
385 1869 523 1950 septimo
547 1870 782 1952 pertractavit,
805 1871 839 1936 in
864 1871 948 1936 libro
973 1879 1088 1951 quarto
1114 1873 1232 1938 leviter
1256 1893 1327 1938 eam
1351 1874 1503 1956 attigisse
1528 1876 1610 1939 satis

278 1975 401 2055 habuit,
428 1981 540 2058 utpote
565 1996 647 2056 ortae
672 1977 735 2042 iam
759 1984 858 2042 antea
882 1977 964 2041 satis
988 1979 1164 2059 explanate
1187 1989 1221 2043 et
1245 1998 1383 2044 excussa
1407 1986 1503 2044 esset.

388 2092 498 2174 Magis
523 2093 690 2157 recondita
714 2098 748 2157 et
772 2112 854 2174 quae
878 2093 1070 2175 interpretis
1102 2095 1225 2160 lumine
1254 2094 1403 2179 indigeat
1435 2103 1486 2158 est
1517 2096 1611 2174 ratio,

276 2220 357 2280 quae
382 2200 558 2266 intercedit
581 2201 671 2266 inter
694 2202 714 2267 l.
741 2201 790 2290 IV
816 2219 841 2265 c.
868 2203 888 2265 3
913 2221 942 2281 p.
971 2204 1066 2266 12918
1095 2204 1132 2266 16
1167 2208 1221 2267 καί
1253 2213 1347 2267 ταῦτα
1378 2208 1478 2267 πάντα
1501 2203 1613 2284 γίνεται

275 2311 429 2396 πλήρωμα
452 2321 507 2397 της
530 2313 652 2396 πρώτης
675 2310 810 2385 πόλεως,
847 2307 889 2382 ὡς
912 2320 970 2372 τῶν
1006 2307 1181 2390 ἀναγκαίων
1217 2334 1249 2373 τε
1273 2315 1364 2396 χάριν
1394 2322 1496 2375 πᾶσαν
1526 2315 1613 2375 πόλιν

276 2428 503 2503 οονεοτηκοῖαν,
528 2415 599 2479 ἀλλ’
624 2413 659 2480 ob
682 2426 733 2480 rori
758 2418 857 2480 καλοῖ)
882 2418 999 2502 μᾶλλον
1030 2426 1062 2479 et
1091 2418 1109 2479 l.
1135 2417 1199 2481 VII
1223 2435 1248 2485 c,
1270 2418 1308 2478 13
1332 2436 1361 2497 p.
1384 2418 1480 2480 1333Ιι
1505 2419 1547 2481 36
1576 2421 1613 2480 τὰ

275 2524 301 2585 δ’
328 2521 482 2604 ἀναγκαῖα
506 2528 559 2588 καί
582 2529 721 2610 χρήσιμα
745 2535 802 2587 των
826 2526 929 2587 καλῶν
954 2523 1056 2588 ἕνεκεν
1082 2574 1218 2588 .....
1239 2524 1284 2586 δεῖ
1312 2528 1366 2608 μὲν
1381 2527 1440 2606 γὰρ
1466 2522 1611 2609 ἀσχολεῖν

275 2631 428 2695 δι’)νασδαι
451 2635 506 2695 καί
529 2633 688 2717 πολεμεῖν,
722 2635 838 2718 μᾶλλον
863 2629 889 2694 δ’
914 2630 1036 2719 είρηνην
1060 2631 1143 2712 ἀγειν
1167 2635 1219 2694 καί
1244 2633 1425 2714 σχολάζειν,
1457 2636 1511 2695 καί
1541 2629 1612 2694 τάν-

276 2749 389 2818 αγκαῖα
413 2743 467 2804 καί
491 2742 528 2802 τὰ
551 2745 691 2826 χρήσιμα
715 2744 866 2823 πράττειν.
892 2743 930 2802 τοί
953 2739 986 2802 δὲ
1010 2739 1095 2802 καλὰ
1118 2739 1164 2800 δεῖ
1189 2738 1314 2823 μᾶλλον.
1359 2737 1499 2801 Tantum
1525 2737 1611 2801 enim

276 2846 390 2908 abesse
415 2844 516 2922 dicas
542 2853 579 2910 ut
603 2847 687 2910 alter
711 2846 800 2912 locus
825 2846 929 2910 altero
953 2845 1021 2909 loco
1046 2845 1243 2920 illustretur,
1269 2853 1305 2907 ut
1322 2861 1455 2923 prorsus
1479 2844 1509 2908 ei
1524 2843 1612 2908 inter

276 2971 310 3016 se
336 2971 480 3034 pugnare
505 2954 691 3018 videantur.
739 2954 889 3033 Namque
914 2953 997 3032 quod
1023 2953 1127 3016 altero
1151 2952 1219 3016 loeo
1245 2969 1297 3014 res
1322 2952 1476 3015 honestas
1507 2951 1611 3032 magis

275 3078 370 3138 qrram
396 3079 448 3124 res
474 3061 678 3125 necessarias
702 3068 736 3125 et
759 3060 857 3125 utiles
882 3060 1077 3140 spectandas
1101 3078 1172 3124 esse
1206 3059 1297 3123 docet
1329 3063 1377 3136 (τὰ
1402 3060 1434 3122 δὲ
1453 3050 1542 3123 ’καλὰ
1566 3060 1612 3122 δεῖ

276 3168 406 3251 μᾶλλον)
432 3168 490 3232 hoc
524 3169 556 3231 in
593 3167 791 3233 contrarium
825 3166 933 3247 priore
962 3166 1030 3229 loco
1055 3171 1173 3243 vertit,
1204 3175 1241 3230 ut
1274 3166 1418 3231 homines
1445 3166 1547 3248 magis
1570 3166 1610 3230 ob

275 3274 452 3339 utilitatem
477 3295 572 3355 quarm
598 3278 637 3339 ob
663 3275 864 3339 honestatem
890 3272 937 3354 (ob
962 3284 1013 3337 rob
1037 3275 1135 3337 καλοῖ)
1161 3276 1289 3359 μᾶλλον)
1322 3273 1355 3336 in
1389 3273 1536 3338 civitatis
1561 3293 1608 3337 so-

275 3382 424 3447 cietatem
470 3383 573 3448 coisse
615 3383 711 3448 dieat.
769 3384 818 3446 At
854 3382 928 3445 vide
964 3400 1004 3444 ue
1039 3382 1145 3463 specie
1181 3381 1253 3447 v'eri
1288 3380 1359 3444 i'alli
1395 3386 1428 3444 te
1460 3380 1607 3462 patiaris.

201 3525 205 3540 ·
274 3490 402 3554 Etenim
435 3491 468 3554 in
500 3490 555 3555 illo
586 3489 663 3553 libri
695 3487 804 3568 quarti
836 3488 904 3551 loco
934 3488 1134 3552 Aristoteles
1170 3506 1233 3552 uon
1269 3488 1346 3569 quid
1381 3487 1451 3568 ipse
1485 3490 1609 3553 sentiat

271 3596 390 3678 aperit,
417 3598 473 3662 sed
499 3598 667 3662 Socratem
693 3595 910 3676 reprehendit,
938 3597 1020 3676 quod
1046 3614 1155 3660 eorum
1189 3597 1355 3672 ordinum,
1392 3595 1449 3677 qui
1481 3595 1607 3662 civibus

273 3705 313 3768 ad
338 3705 427 3770 vitae
452 3725 545 3770 usum
570 3703 747 3770 necessarii
772 3701 848 3777 siut,
875 3704 1015 3768 solorum
1033 3703 1190 3768 rationem
1209 3704 1336 3780 habeat,
1356 3704 1449 3784 quasi
1466 3703 1606 3784 optimae

274 3813 469 3892 reipublicae
523 3811 612 3875 cives
669 3829 730 3874 non
790 3810 823 3874 in
878 3810 1069 3876 liberalibus
1126 3819 1224 3891 atque
1277 3811 1427 3892 ingenuis
1483 3812 1608 3876 artibus

274 3919 446 3998 praecipue
480 3915 607 3984 versari
643 3917 792 3980 debeant.
841 3915 914 3981 Non
952 3916 1054 3998 igitur
1093 3916 1231 3982 dissidet
1269 3919 1353 3982 alter
1392 3917 1490 3982 alteri
1527 3919 1606 3998 loco,
1647 4007 1648 4014 ρ

275 4024 371 4088 immo
396 4024 516 4090 nititur
539 4023 740 4088 Aristoteles
766 4023 988 4103 disputatione
1012 4025 1045 4087 iu
1070 4026 1152 4088 libro
1177 4025 1314 4106 septimo
1339 4027 1378 4090 de
1402 4025 1608 4105 praestantia

272 4132 402 4196 honesti
421 4131 585 4212 instituta,
604 4136 638 4195 ut
656 4137 771 4209 quarto
789 4130 873 4194 libro
891 4130 1036 4196 Socratis
1053 4132 1105 4197 vel
1124 4131 1274 4196 Platonis
1292 4132 1406 4196 falsam
1424 4131 1607 4214 opinionem
1663 4123 1665 4128 ’
1745 4129 1750 4137 ’

274 4237 422 4304 breviter
447 4236 592 4319 stringat
615 4237 867 4317 atquerefutet.
971 4323 973 4326 Ι

384 4353 488 4435 Agite
511 4353 577 4416 iam
601 4355 642 4417 ad
666 4353 764 4418 alium
791 4356 894 4418 locum
918 4355 993 4418 iibri
1018 4354 1127 4434 quarti
1152 4356 1379 4420 excutiendum
1405 4358 1605 4434 accedamus

273 4477 334 4539 quo
359 4467 473 4524 auctor
497 4461 537 4556 ad
562 4479 608 4535 ea,
635 4479 717 4540 quae
742 4468 840 4526 antea
864 4462 1023 4542 exposuit,
1049 4461 1117 4542 ipse
1142 4481 1200 4527 nos
1218 4462 1338 4527 diserte
1356 4463 1496 4527 remittit
1519 4463 1540 4528 l.
1555 4465 1604 4528 IV

272 4585 298 4630 c.
324 4569 344 4630 5
368 4586 397 4646 p.
429 4568 524 4631 rhaab
554 4571 562 4630 l
593 4565 827 4653 ἀριστοκρατίαν
853 4575 907 4655 μὲν
932 4567 983 4632 οὖν
1007 4573 1111 4644 καλῶς
1134 4570 1200 4654 ἔχει
1223 4573 1327 4634 καλεῖν
1351 4574 1420 4652 περὶ
1449 4569 1487 4657 ἧς
1517 4570 1605 4655 διηλ-

271 4676 370 4757 δομεν
394 4670 425 4738 ἐν
450 4684 512 4747 τοῖς
535 4679 664 4759 πρώτοις
687 4678 797 4758 λόγοις,
828 4681 881 4763 την
910 4681 967 4759 γὰρ
999 4675 1035 4740 ἐκ
1066 4688 1123 4739 των
1157 4675 1284 4760 ἀρίστων
1318 4673 1424 4749 ἁπλῶς
1452 4679 1605 4740 πολιτείαν

271 4776 338 4844 κατ’
363 4777 473 4866 ἀρετὴν
505 4786 558 4846 καὶ
594 4786 636 4870 μη
672 4789 747 4869 πρὸς
782 4781 928 4849 ὑπόθεσίν
963 4805 1029 4849 τινα
1062 4781 1190 4865 ἀγαθῶν
1222 4781 1340 4868 ἀνδρῶν
1368 4789 1463 4876 μόνην
1487 4785 1604 4864 δίκαιον

1821 2129 1826 2388 η

1817 2401 1826 2560 ί
