3670 5536
293 446 357 510 104
797 441 934 496 Hermann
952 442 1113 496 Widemann

291 653 343 708 τοῦ
368 640 535 707 σπουδαίου
560 642 684 705 πολίτου
707 640 754 703 δεῖ
777 651 868 704 πᾶσιν
889 636 1037 725 ὑπάρχειν
1066 635 1155 720 (οὑτω
1179 643 1237 722 γὰρ
1265 637 1431 726 ἀρίστην
1455 632 1621 720 ἀναγκαῖον

291 749 367 815 εἶναι
391 753 444 836 την
468 750 579 827 πόλιν),
604 751 658 833 τὴν
683 747 716 810 δὲ
740 757 792 812 τοῦ
817 746 927 832 ἀνδρὸς
950 757 1002 812 τοὺ
1032 746 1155 828 ἀγαθοῦ
1188 744 1346 822 άδὺνατον,
1378 744 1404 810 εί
1434 751 1475 833 μὴ
1506 753 1623 818 πάντας

177 903 180 908 -
291 856 457 938 ἀναγκαῖον
483 854 623 937 ἀγαδοὺς
646 853 723 920 εἶναι
747 857 817 924 τοὺς
839 854 871 920 ἐν
896 865 932 939 τη
957 849 1109 938 σπουδαία
1133 855 1220 918 πόλει
1243 855 1378 924 πολίτας.

380 965 454 1028 Hac
477 961 510 1027 in
535 960 699 1026 sententia
723 962 824 1027 verba
848 959 954 1048 ἐπειδὴ
987 962 1134 1026 ὰδόνατον
1165 959 1289 1046 ὁμοίους
1312 959 1390 1025 εἶναι
1414 965 1531 1031 πάντας
1553 965 1623 1032 τους

289 1069 419 1141 πολίτας
443 1068 642 1135 incommoda
666 1086 747 1146 esse,
773 1087 883 1146 nemo,
914 1066 1037 1149 opinor,
1065 1067 1120 1149 qni
1144 1068 1239 1148 paulo
1271 1068 1432 1133 attentius
1456 1087 1524 1132 rem
1548 1088 1623 1133 oon-

290 1177 496 1254 sideraverit,
522 1175 646 1241 infitias
670 1174 740 1240 ibit.
788 1175 904 1257 Neque
935 1174 1022 1240 enim
1052 1175 1094 1240 iis
1125 1174 1215 1255 prior
1242 1193 1341 1240 causa
1363 1174 1475 1241 verbis
1510 1173 1537 1239 εἰ
1564 1179 1622 1259 γὰρ

291 1285 439 1352 ἀδόνατον
463 1323 508 1330 -—
532 1282 644 1371 άρετητ
667 1301 822 1364 expressa
855 1282 1080 1360 confirmatur,
1118 1300 1220 1361 nequo
1255 1281 1284 1346 si
1319 1282 1455 1346 alteram
1492 1301 1621 1348 causam

293 1391 494 1458 Aristoteles
518 1390 638 1455 addere
661 1388 831 1467 voluisset,
856 1409 913 1455 our
937 1409 1001 1456 non
1025 1389 1136 1454 eadem
1161 1388 1323 1469 particula
1346 1389 1373 1453 εὶ
1397 1407 1475 1454 usus
1499 1389 1552 1466 sit,
1577 1389 1620 1454 in·

289 1498 468 1582 tellegitur.
506 1497 723 1582 Quamobrem
740 1497 907 1562 Thurotus
931 1495 963 1560 in
982 1494 1196 1561 Politioorum
1213 1501 1246 1560 et
1265 1496 1451 1561 lithicorum
1469 1497 1621 1568 editione,

292 1625 373 1688 quae
398 1604 539 1671 Parisiis
563 1623 648 1669 anno
675 1604 924 1686 telamonis,
950 1612 986 1668 ut
1010 1603 1235 1669 difficultatem
1261 1604 1406 1681 tolleret,
1438 1603 1495 1669 illa
1522 1607 1624 1671 verba

291 1714 411 1780 omissa
434 1711 596 1794 particula
624 1713 657 1775 δὲ
687 1717 764 1776 ante
797 1713 842 1776 δεῖ
866 1713 892 1775 δ’
917 1711 1045 1777 ἕκαστον
1069 1750 1112 1758 -
1137 1711 1249 1801 ἀρειης
1278 1712 1489 1793 transposuit.
1537 1712 1623 1778 Mihi

291 1821 421 1902 quidem
444 1838 509 1884 non
532 1818 689 1901 contigit,
726 1825 764 1883 ut
795 1818 865 1900 ipse
894 1818 986 1883 illum
1018 1818 1139 1883 librum
1172 1819 1380 1901 inspicerem,
1417 1819 1624 1884 existimasse

291 1933 399 1994 autern
423 1926 556 1994 videtur
578 1924 631 1991 vir
654 1925 861 1991 doctissimus
884 1925 1050 2007 pertinere
1074 1925 1132 1990 illa
1155 1929 1255 1993 verba
1280 1929 1320 1992 ad
1345 1926 1371 1991 εἰ
1393 1931 1452 2012 γὰρ
1476 1925 1623 1992 ἀδόνατον

290 2073 334 2083 -
357 2036 454 2112 πόλιν,
490 2031 583 2098 cuius
618 2031 803 2098 sententiae
836 2033 995 2099 rationem
1028 2032 1192 2100 afferrent.
1237 2035 1281 2099 At
1311 2053 1375 2100 non
1405 2033 1490 2100 ratio
1525 2033 1623 2100 istius

290 2140 476 2208 sententiae
499 2139 560 2218 hia,
586 2141 625 2205 de
656 2140 772 2222 quibus
802 2139 922 2223 agitur,
960 2139 1086 2206 verbis*
1103 2140 1248 2220 affertur,
1285 2142 1342 2208 sed
1372 2159 1507 2223 prorsus
1539 2160 1624 2207 nova

291 2246 456 2314 sententia
479 2246 681 2329 proponitur,
715 2266 797 2329 quae
830 2249 870 2312 ab
894 2246 1057 2312 hominnm
1076 2247 1311 2330 ,proficiscitur
1346 2247 1621 2314 dissimilitudine.

289 2357 387 2422 Hanc
421 2359 530 2421 autern
566 2355 702 2420 eandem
738 2374 805 2420 rom
841 2354 1051 2436 philosophus
1089 2355 1161 2420 fuse
1199 2362 1383 2436 pertractat
1418 2356 1623 2436 paragrapho

290 2467 419 2544 quarta,
443 2481 539 2544 quam
563 2463 592 2528 si
615 2461 794 2527 contuleris
818 2481 889 2527 curn
913 2461 980 2527 illis
1004 2461 1131 2541 verbis,
1156 2463 1282 2544 plenam
1308 2461 1624 2545 argumentationem

289 2570 323 2635 in
347 2588 452 2651 pauca
475 2572 576 2636 verba
599 2587 671 2634 esse
695 2568 873 2634 conieci-am
898 2568 1078 2652 intelleges.
1127 2568 1221 2654 Quae
1244 2588 1315 2634 cum
1341 2569 1389 2634 ita
1413 2569 1498 2644 sint,
1522 2569 1624 2636 verba

290 2676 395 2764 ἐπειδὴΙ
420 2674 569 2740 ἀδὺνατον
584 2752 586 2758 Ι
602 2674 727 2763 ὁμοίους
757 2675 835 2743 εἶναι
869 2681 988 2747 πάντας
1021 2679 1091 2747 τοὺς
1125 2679 1253 2747 πολίτας
1287 2675 1426 2758 primum
1460 2681 1624 2755 tamquam

290 2768 500 2848 summarium
523 2783 613 2848 illius
637 2783 836 2866 paragraphi
865 2785 898 2849 in
931 2788 1078 2866 margine
1106 2783 1249 2859 adiecta,
1286 2782 1401 2849 deinde
1435 2803 1454 2848 a
1489 2783 1624 2848 librario

292 2889 400 2956 nescio
425 2909 487 2970 quo
511 2890 546 2956 in
570 2891 750 2956 orationem
775 2897 907 2973 recepta
930 2910 1002 2957 esse
1034 2891 1157 2957 conicio
1192 2891 1289 2972 idque
1323 2889 1406 2956 falso
1438 2890 1523 2969 loco;
1560 2907 1624 2954 non

292 2997 394 3081 igitur
418 3017 457 3064 ea
479 2999 732 3082 transponenda,
756 2999 813 3065 sed
837 2999 984 3065 eiciendo
1008 3018 1079 3066 esse
1102 3018 1228 3065 censeo.

399 3212 495 3278 Polit.
521 3214 623 3280 1119
648 3215 746 3300 (Blrk.
774 3215 828 3300 14)
853 3234 882 3296 p.
911 3217 1010 3281 128512
1037 3216 1075 3280 13
1093 3233 1161 3296 sqq.

401 3336 441 3405 Οἱ
465 3342 520 3424 μὲν
544 3336 596 3402 οὑν
621 3338 784 3426 (βασιλεῖς)
810 3338 940 3404 ἐπὶτῶν
965 3338 1104 3425 ἀρχαίων
1128 3345 1247 3425 χρόνων
1280 3344 1334 3403 καί
1364 3343 1402 3402 τὰ
1433 3343 1514 3404 κατὰ
1536 3344 1623 3402 πόλιν

289 3451 342 3512 καὶ
365 3451 403 3512 τὰ
427 3446 546 3534 ἔνδημα
569 3451 622 3510 καὶ
645 3450 683 3510 τά
702 3429 854 3531 ὑπερόρια
878 3459 1016 3533 συνεχῶς
1038 3446 1145 3535 ἦρχον.

400 3555 474 3619 Ηοο
496 3552 565 3619 loco
590 3555 672 3633 quod
698 3558 736 3617 τὰ
759 3554 878 3643 ἔνδημα
914 3560 948 3620 ot
983 3558 1021 3618 τὰ
1054 3551 1211 3639 ὑπερόρια,
1247 3573 1299 3619 res
1334 3553 1483 3619 internae
1517 3560 1550 3618 et
1574 3572 1624 3616 ex-

290 3669 419 3740 ternae,
449 3661 537 3725 inter
568 3678 603 3725 se
627 3668 851 3742 opponuntur,
891 3661 973 3726 nihil
1001 3659 1206 3726 difficultatis
1234 3662 1351 3740 habet,
1388 3660 1506 3726 similis
1540 3660 1622 3725 euim

290 3767 473 3834 coniunctio
497 3767 666 3834 invenitur
698 3767 732 3833 in
756 3768 1103 3834 Pseudo-Aristotelis
1134 3769 1217 3834 libro
1246 3773 1316 3853 περὶ
1338 3775 1455 3855 κόσμου
1479 3788 1547 3850 cap.
1575 3769 1624 3836 VI

290 3878 451 3958 (p.1399b
475 3878 494 3941 8
521 3877 654 3958 Behk.):
689 3876 855 3963 ἔνδημοι
890 3875 1081 3960 πράξεις-
1106 3873 1314 3962 ὑπερόριος
1348 3877 1497 3962 πόλεμος,
1534 3876 1624 3940 etin

289 3982 360 4064 lege
385 3982 500 4047 Attica
524 3984 563 4047 ab
589 3981 754 4047 Aeschine
779 3983 829 4047 vel
856 3985 896 4046 ab
921 3982 993 4048 eius
1017 3982 1198 4065 interprete
1229 3983 1263 4048 in
1294 3981 1442 4048 oratione
1466 3983 1624 4049 adversus

289 4088 497 4154 Timarchum
522 4108 547 4155 c.
574 4091 613 4154 21
641 4089 759 4156 allata:
794 4092 871 4179 μηδὲ
905 4090 1026 4176 ἀρξάτω
1060 4089 1161 4177 ἀρχὴν
1186 4092 1338 4179 μηδεμίαν
1364 4092 1433 4178 μητ’
1458 4091 1625 4178 ἔνδημον

290 4195 365 4282 μηδ’
392 4191 613 4282 ὑπερόριον,
641 4196 729 4262 etin
756 4198 986 4279 Xenophontis
1011 4201 1102 4264 anab.
1124 4199 1195 4266 VII
1221 4202 1249 4278 l,
1268 4199 1328 4263 ⁴27:
1353 4199 1504 4283 προσόδου
1529 4196 1625 4286 οὑσης

289 4301 350 4368 ἀπὸ
375 4314 432 4368 τῶν
464 4300 645 4391 ἐνδήμων
680 4309 734 4369 καί
769 4304 805 4369 ἐκ
839 4317 893 4394 της
928 4303 1156 4391 ὑπερορίας.
1207 4306 1327 4372 Verum
1364 4306 1447 4385 quod
1478 4310 1516 4370 τὰ
1544 4309 1626 4369 κατὰ

290 4412 377 4474 πόλιν
402 4409 568 4475 contraria
592 4411 644 4475 vel
669 4411 768 4476 etiam
792 4412 884 4478 iuxta
908 4419 1075 4494 ponuntur
1098 4425 1162 4485 τοῖς
1185 4413 1336 4500 ἐνδημοις,
1360 4411 1458 4477 facile
1482 4411 1624 4491 aliquem

289 4516 453 4582 offendere
477 4517 582 4597 possit
605 4524 703 4599 atqua
727 4520 806 4584 adeo
831 4521 878 4586 St.
894 4521 1071 4599 Hilarium,
1097 4521 1205 4587 virum
1230 4519 1505 4597 illustrissimum,
1531 4537 1623 4598 quern

288 4621 505 4689 Susamihlins
529 4643 654 4707 quoque
672 4633 804 4692 secutus
821 4633 872 4691 est
889 4627 921 4692 in
939 4629 1045 4692 altera
1061 4627 1225 4707 tertiaque
1241 4625 1450 4690 Politicorum
1476 4623 1623 4690 editioni-

289 4733 358 4809 bus
378 4733 520 4810 offendit,
539 4741 576 4802 ut
593 4735 785 4818 particulam
809 4740 863 4799 καὶ
886 4742 964 4800 ante
988 4739 1026 4800 τὰ
1049 4739 1130 4800 κατὰ
1145 4736 1232 4799 πόλιν
1247 4733 1438 4810 secluderet,
1457 4751 1519 4814 quo
1537 4733 1622 4798 facto
