3670 5536
585 1615 660 1715 De
697 1645 844 1714 eausa
880 1613 1179 1747 Polystrati
1298 1633 1300 1640 ’

819 1849 925 1918 scripsit

664 2003 800 2070 Paulus
826 2002 1080 2070 Hildebraudt.
1197 2081 1201 2094 .
1281 1955 1284 1964 Ι

319 2236 410 2322 Quae
425 2236 460 2302 iu
476 2255 608 2317 corpore
623 2233 805 2300 orationum
820 2233 1032 2316 Lysiaoarnm
1050 2234 1210 2317 vigesima
1227 2241 1418 2302 numeratur
1434 2237 1539 2326 oratio

208 2363 266 2426 pro
282 2344 469 2426 Polystrato
493 2361 578 2408 anuo
603 2341 735 2407 circiter
750 2341 816 2406 410
833 2341 947 2406 habita
963 2348 1097 2424 propter
1116 2343 1299 2434 argumenti
1316 2343 1538 2416 difficultatem

207 2451 337 2534 saepius
353 2450 496 2540 uirorum
514 2450 679 2516 doctorum
696 2447 807 2513 studia
822 2447 977 2514 exorruit.
1010 2449 1051 2514 Iu
1068 2467 1131 2530 quo
1147 2450 1339 2532 explicando
1355 2450 1388 2515 id
1402 2433 1540 2517 maxime

207 2558 434 2638 quaerendum,
450 2559 607 2638 quomodo
619 2557 699 2621 haee
712 2573 811 2620 causa
823 2556 857 2620 in
870 2574 934 2636 qua
949 2555 1135 2620 defenditur
1145 2556 1355 2640 Polystratus
1368 2559 1540 2650 cohaereat

206 2684 276 2732 oum
306 2665 415 2750 priore
436 2664 592 2748 quadam,
624 2682 687 2744 qua
711 2661 866 2728 cecidisse
890 2681 960 2728 eum
986 2663 1136 2758 pluribus
1160 2663 1238 2729 loeis
1263 2673 1539 2734 commemoratur.

206 2774 317 2854 Atque
353 2791 438 2838 rtuno
472 2771 601 2852 quidem
634 2770 844 2853 Polystratus
880 2769 921 2862 in
946 2789 1046 2836 causa
1078 2768 1231 2852 addendo,
1266 2774 1287 2836 i.
1318 2793 1345 2858 ey.
1377 2753 1541 2841 rationum

206 2880 442 2946 reddendarum
467 2878 597 2945 defendi
614 2876 754 2957 videtur,
780 2879 864 2959 quod
888 2878 1200 2970 quadringentorum
1225 2879 1352 2962 imperii
1376 2869 1541 2970 partioeps

204 2987 319 3070 fuit:¹)
353 2986 440 3052 idem
468 2992 576 3052 autem
607 2985 718 3052 statim
742 2993 816 3067 post
840 2985 1092 3066 dominationem
1116 2986 1426 3069 quadringentorum
1452 2969 1539 3056 ever·

205 3113 274 3160 satu
292 3091 399 3179 (εὐθὺς
415 3097 492 3180 μετὰ
508 3097 546 3157 τὰ
561 3097 726 3178 πράγματα
743 3096 763 3174 §
779 3094 834 3176 22)
857 3092 890 3156 iu
915 3092 966 3156 ius
983 3099 1118 3160 vocotus
1141 3094 1437 3175 condemnatosque
1457 3104 1537 3178 erat.

318 3201 423 3287 Quam
459 3200 619 3266 actionem
655 3219 725 3264 oum
759 3199 781 3286 ξ
810 3202 856 3264 ll.
886 3201 935 3265 14.
962 3201 1004 3265 22
1034 3201 1199 3282 signifieat
1233 3208 1345 3268 orator
1366 3189 1444 3267 'tum
1468 3188 1540 3304 suno

206 3311 321 3390 looo§
350 3311 388 3374 18
413 3308 569 3374 disertius
594 3309 628 3372 in
653 3307 794 3372 iudicum
819 3307 1006 3400 memoriam
1030 3307 1181 3374 revocat:
1207 3313 1260 3374 καὶ
1286 3313 1540 3396 μὴχθαυμάζετεῖ,
1635 3371 1638 3376 .

202 3417 231 3504 Ιὡ
255 3417 366 3502 ἄνδρες
389 3417 540 3493 δικασταί,
565 3413 610 3480 ὅτι
633 3425 766 3480 τοσαῦτα
791 3413 873 3503 ὦφλε
897 3421 1055 3503 χρήματα.
1095 3416 1208 3504 ἔρημον
1229 3420 1290 3502 Ιγὰρ
1315 3414 1403 3483 αὐτὸν
1428 3422 1541 3502 λαβόν-

207 3549 266 3603 τες,
291 3521 383 3589 αὐτοῦ
408 3547 438 3587 τε
463 3527 516 3589 καὶ
539 3520 625 3610 ἡμῶν
649 3533 890 3610 κατηγοροῦντες
913 3521 1003 3588 εἷλον.
1044 3523 1108 3589 Ubi
1133 3524 1216 3605 quod
1240 3543 1298 3604 pro
1323 3525 1457 3608 vulgata
1481 3527 1539 3592 leo·

207 3632 296 3697 tione
320 3630 438 3719 ἐρήμην
463 3629 619 3696 Reiskius
645 3629 793 3694 restituit
816 3630 930 3717 ἔρημον
955 3630 1019 3694 iam
1048 3630 1082 3695 in
1111 3631 1220 3697 codiee
1244 3632 1395 3698 Palatino
1428 3642 1540 3700 extare

208 3738 356 3820 aprima
380 3757 477 3804 mauu
501 3744 679 3803 correctum
704 3737 743 3803 R.
763 3737 944 3803 Schoellius
968 3738 1094 3819 (Herm.
1114 3739 1221 3804 Berol.
1240 3739 1306 3815 XI,
1331 3742 1407 3820 209)
1432 3743 1540 3822 ‹rotliee

209 3847 313 3912 denuo
337 3846 454 3911 collato
479 3852 635 3914 testatur.
682 3844 847 3912 Scribitur
878 3846 963 3911 euim
993 3843 1093 3933 indu*
1117 3853 1253 3927 utroque
1281 3855 1316 3928 et
1347 3858 1483 3914 aooentu
1507 3861 1539 3915 et

136 3985 137 3988 ¹
209 3953 397 4035 compendio
421 3953 550 4027 addito,
577 3954 633 4018 sed
658 3959 794 4018 accentu
818 3971 960 4041 suprad
985 3953 1131 4018 litteram
1154 3954 1276 4034 deleto,
1309 3961 1346 4022 ut
1369 3955 1539 4025 librarium

208 4062 321 4150 dunum
345 4061 470 4126 effioere
494 4060 638 4126 voluisse
662 4068 827 4143 appareat.

321 4169 441 4237 Verbis
469 4175 578 4234 autem
609 4168 723 4256 ἔρημον
747 4165 837 4247 αὐτὸν
862 4170 1009 4251 λαβόντες
1033 4166 1113 4233 εἷλον
1143 4168 1225 4233 ntuil
1249 4169 1338 4234 aliud
1360 4171 1539 4251 significari

207 4277 339 4343 videtur
374 4275 439 4341 uisi
477 4275 704 4359 Polystratum
736 4277 903 4340 absentem
944 4275 1190 4342 courdemnatum
1229 4277 1353 4358 esse:²)
1393 4277 1540 4366 idemque

207 4383 387 4466 Temenus,
419 4383 474 4464 qui
507 4383 636 4470 ἐρήμηνι
655 4382 811 4448 traditum
844 4381 986 4460 inveuit,
1018 4382 1107 4447 facili
1131 4383 1318 4448 coniectura
1342 4382 1459 4472 ἐρήμην
1482 4391 1540 4472 γὰρ

209 4488 289 4575 αὐτῷ
313 4492 464 4576 λαχόντες
487 4496 656 4555 assecutus
680 4497 752 4561 est„

317 4684 337 4752 ¹)
357 4685 394 4739 of.
414 4685 446 4739 R.
466 4684 622 4754 Sohoellius‚
643 4686 675 4740 de
694 4686 831 4755 synogoris
850 4645 953 4754 Atticis
972 4685 1054 4738 Jeuae
1076 4685 1152 4754 1875,
1172 4703 1198 4754 p.
1218 4685 1271 4739 22.’

316 4773 337 4842 ²)
356 4774 395 4830 Cf.
414 4775 531 4829 Meierus
550 4776 582 4828 de
602 4776 676 4830 bouis
696 4777 881 4831 damnatorum
900 4795 925 4846 p.
947 4776 999 4829 182
1017 4779 1070 4831 not.
1091 4775 1132 4830 70.

237 4871 453 4916 commentationes
467 4873 634 4926 philologicos.
