3640 5536
831 377 911 431 Erich
930 376 1059 432 Ziobarth.

633 571 707 658 ὁρᾶν
732 578 813 662 φάος
837 572 943 640 όιελόοο
967 575 1066 661 δοκίμ]
1091 597 1145 648 oo<

633 680 682 752 ξὺν
708 679 869 766 ἀηακλοτῷ
893 680 1015 764 εόαοηεῖ
1038 684 1046 767 ]
1072 680 1186 766 Ὑγιείη

543 785 574 874 ’τὴ
599 791 692 852 παιὰν
718 786 899 875 Ἀσκληπιέ,
924 789 1016 874 δαῐμο
1040 791 1048 872 ]
1075 810 1089 850 ν
1113 794 1206 874 οεμνό
1232 791 1312 872 [aare
1329 790 1352 870 ¹)
1574 791 1613 854 15

369 893 527 960 Videmus
557 893 697 974 lapidem
727 895 927 978 Aegyptium
958 914 978 959 a
1009 895 1215 976 praecedenti
1244 893 1363 982 (1111))
1396 915 1432 960 eo
1469 879 1609 979 differre,

281 1002 363 1081 quod
400 1018 516 1067 versus
548 1019 612 1065 nou
644 999 792 1066 distincti
821 1002 888 1066 sint
923 1020 1025 1081 neque
1059 1021 1200 1083 semper,
1238 1004 1266 1066 si
1296 1001 1377 1067 fides
1411 1005 1605 1086 apographo,

281 1110 413 1174 uerbum
444 1126 516 1174 cum
548 1126 646 1172 versu
670 1107 813 1174 finiatur.
861 1107 1134 1175 Servata'autem
1159 1114 1209 1174 est
1237 1109 1428 1191 genealogia
1451 1117 1484 1176 et
1509 1109 1613 1191 prima

281 1234 357 1296 pars
382 1214 647 1296 supplicationis;
673 1215 869 1293 sequebatur
893 1213 964 1280 sine
988 1215 1086 1281 dubio
1103 1217 1208 1281 altera
1224 1235 1294 1281 cum
1312 1215 1614 1282 commemoratione

282 1322 493 1387 Athenarum.
540 1323 718 1386 Praeterea
752 1320 928 1386 notandum
965 1329 1032 1400 est,
1070 1321 1134 1388 iam
1168 1323 1200 1387 in
1230 1323 1294 1388 fine
1329 1324 1453 1404 primae
1483 1326 1616 1405 paeanis

282 1428 385 1510 partis
417 1428 603 1494 sollemnem
628 1426 777 1509 Hygieae
809 1446 938 1494 versum
968 1429 1128 1506 inveniri,
1163 1430 1247 1510 quod
1279 1449 1411 1511 prorsus
1440 1451 1459 1495 a
1490 1431 1616 1496 ratione
1689 1451 1691 1455 ·

266 1535 415 1601 -duorum
447 1535 585 1601 aliorum
615 1553 773 1617 paeanum
798 1535 970 1617 discrepat.

392 1644 561 1708 Postremo
584 1661 687 1725 pauca
711 1640 839 1707 adferre
864 1642 969 1708 visum
994 1652 1045 1709 est
1069 1644 1110 1709 ad
1134 1644 1263 1726 singula
1296 1647 1395 1710 verba
1419 1645 1515 1724 huius
1545 1664 1616 1727 pae-

282 1749 354 1816 anis
378 1750 583 1816 illustranda.

396 1875 425 1922 ν.
462 1860 489 1922 1.
522 1858 714 1944 κλοτόμητις.
764 1855 858 1940 Quod
884 1857 995 1941 Bergk
1029 1859 1119 1926 PLG
1144 1859 1179 1924 2⁴
1209 1878 1260 1940 pg.
1287 1861 1351 1924 245
1382 1859 1423 1924 ad
1448 1859 1616 1941 Sophoclis

283 1982 437 2046 paeanem
481 1963 622 2030 coniecit
659 1965 853 2045 Aesculapio
892 1965 1046 2031 sollemne
1081 1965 1183 2032 fuisse
1219 1985 1394 2047 cognomen
1419 1969 1613 2055 αλοτόμητις,

284 2071 376 2137 cuius
412 2071 459 2136 rei
494 2089 593 2136 causa
627 2069 713 2152 apud
746 2071 982 2137 Philostratum
1016 2073 1091 2140 Jun.
1130 2074 1225 2154 imag.
1261 2075 1302 2138 13
1337 2077 1523 2161 κλοτόμηττς
1559 2093 1617 2156 pro

212 2188 217 2196 '
284 2177 489 2267 Κλοτομητης
511 2178 682 2261 legendum
707 2179 849 2256 censuit,
881 2181 939 2244 hoc
962 2182 1105 2246 carmine
1129 2182 1365 2262 comprobatur.
1421 2181 1516 2247 Solus
1540 2182 1616 2247 Vul-

284 2305 384 2352 canus
420 2290 551 2368 praeter
582 2285 815 2366 Aesculapium
849 2286 908 2350 hoc
941 2288 1129 2370 cognomine
1162 2288 1269 2360 utitur
1301 2287 1333 2351 in
1368 2288 1485 2370 hymno
1521 2290 1616 2353 Hom.

289 2396 337 2471 19,
364 2393 421 2476 U)
439 2392 516 2459 uoti
532 2412 610 2459 vero
626 2393 738 2459 versui
755 2391 858 2474 primo
876 2393 1002 2458 Παιᾶνα
1018 2398 1201 2483 κλυτόμητιν
1226 2393 1350 2458 ἀείσατε
1367 2405 1471 2480 κοῦροι
1488 2394 1617 2460 confere

209 2513 211 2517 ·
286 2500 380 2567 iuvat
403 2501 493 2584 Isylli
518 2500 653 2582 paeanis
680 2519 809 2567 versum
836 2504 863 2567 1.
890 2499 916 2566 ἱὲ
940 2514 1057 2567 παιᾶνα
1080 2506 1155 2568 θεὸν
1180 2501 1304 2567 ἀείσατε
1328 2504 1408 2566 λαοί.

397 2627 426 2674 ν.
444 2611 473 2674 2.
510 2605 656 2674 Ἕκατον.
677 2607 779 2673 Primi
796 2609 932 2674 editoris
948 2609 1139 2691 opinionem,
1156 2607 1211 2690 qui
1229 2608 1337 2674 ἕκατον
1355 2608 1457 2674 vertit
1475 2614 1614 2684 centum,

288 2734 360 2781 esse
380 2715 577 2781 reiciendum
592 2715 672 2797 ipse,
698 2715 821 2798 opinor,
847 2715 1030 2782 consentiet
1047 2717 1236 2782 recordatus
1253 2716 1316 2780 iam
1335 2716 1419 2797 apud
1437 2716 1617 2781 Homerum

291 2821 320 2888 H
345 2825 387 2889 83
411 2830 445 2888 et
469 2822 574 2890 1295
599 2823 708 2890 ἑκατόν
725 2824 914 2889 Ἀπόλλωνα
924 2823 1009 2889 idem
1026 2823 1111 2904 quod
1127 2822 1316 2912 ἑκατηβόλον
1334 2822 1404 2890 'Aru
1422 2823 1616 2904 significare.

400 2950 429 2997 v.
456 2933 485 2996 7.
523 2941 574 2996 τοῦ
597 2932 631 2995 δὲ
654 2936 709 2996 καὶ
732 2928 902 3013 ἐξεγένοντο
919 2961 960 2986 =
978 2929 1066 2996 OJA
1092 2933 1165 3008 171,
1190 2934 1218 2996 3.
1247 2917 1414 2997 Particula
1437 2935 1491 2995 καὶ
1514 2930 1620 2995 otiosa

288 3045 339 3103 est
363 3044 397 3103 et
422 3057 441 3103 a
465 3037 592 3103 novicio
616 3044 712 3120 poeta
735 3039 819 3103 male
849 3038 981 3105 videtur
1004 3056 1076 3103 esse
1099 3038 1244 3123 adiecta3
1276 3037 1386 3104 omisit
1415 3057 1485 3102 eam
1518 3057 1619 3119 paean

289 3143 516 3210 Atheniensis.

399 3271 430 3317 v.
457 3253 486 3317 8.
522 3250 570 3340 ηδ’
599 3250 697 3318 Ἰασὼ.
737 3254 876 3319 Pravam
901 3251 1137 3332 correptionem
1162 3252 1298 3317 duarum
1322 3251 1499 3332 primarum
1526 3251 1619 3334 sylla-

289 3362 403 3425 barum
427 3358 554 3425 novicio
577 3366 693 3442 poetae
709 3360 952 3426 condonandam
979 3359 1044 3424 iam
1061 3359 1226 3441 Bergkius
1251 3359 1494 3425 animadvertit.
1530 3357 1621 3422 ldem

290 3469 373 3548 qnod
392 3465 513 3533 Ἀκεαώ
537 3467 624 3533 inter
639 3467 830 3549 Aesculapii
847 3466 933 3547 filias
956 3485 1114 3548 nusquam
1139 3465 1203 3530 nisi
1228 3465 1261 3530 iu
1287 3484 1409 3548 paeane
1425 3463 1623 3530 Atheniensi

290 3581 323 3640 et
347 3575 431 3656 apud
455 3574 588 3641 Suidam
621 3593 645 3640 s,
670 3595 701 3641 ν.
729 3573 858 3662 Ἠπιόνη
884 3572 1001 3638 referri
1031 3574 1182 3648 adnotat,
1219 3574 1338 3639 addere
1368 3573 1476 3655 potuit
1508 3589 1622 3637 nomen

291 3681 411 3747 Ἀκεοώ
435 3681 468 3747 in
494 3683 601 3766 Etym.
639 3683 749 3764 Magn.
785 3700 809 3748 s.
835 3678 1007 3754 ν.-Ἤπιος
1044 3699 1106 3745 non
1142 3680 1211 3745 sine
1240 3701 1359 3762 magna
1388 3677 1624 3762 probabilitate

401 3844 419 3912 ¹)
439 3849 481 3898 ad.
501 3863 526 3898 v.
548 3844 580 3899 1:
606 3846 755 3911 pleniorem
775 3846 889 3895 formam
914 3859 962 3908 pro
988 3844 1109 3908 simplici
1136 3841 1181 3893 τόν
1201 3840 1350 3913 ἀριτρὲπτῳ
1369 3844 1484 3894 adhibui
1504 3842 1576 3906 quod
1597 3857 1621 3890 v.

291 3935 306 3988 7
327 3941 464 3987 servatum
483 3941 525 3987 est
544 3931 642 4004 ἀηανλ.
1130 3949 1131 3952 “

399 4028 434 4076 ad
454 4043 477 4077 ν.
497 4025 525 4077 2:
555 4027 671 4076 variatio
690 4025 774 4076 huius
793 4040 887 4076 versus
912 4019 1104 4092 Ἀσκληπιὸν
1123 4019 1204 4077 νλειν,
1233 4019 1388 4092 Ἀσκληπιὲ
1413 4017 1502 4086 austu,
1530 4015 1625 4070 Ἀοκλ.

293 4113 420 4185 οεμνότ.
442 4119 569 4166 accurate
588 4116 733 4180 respondet
752 4115 852 4166 rationi
871 4115 983 4178 paeanis
1001 4115 1137 4178 Aegyptii.

399 4207 433 4255 ad
453 4221 477 4256 v.
498 4203 529 4257 6:
554 4206 654 4255 ductus
674 4198 694 4252 Ξ
714 4205 742 4253 in
762 4204 853 4267 lapide
872 4208 936 4254 ante
954 4199 1058 4254 Πανοοι.
1078 4205 1178 4254 servati
1198 4205 1322 4254 indicant
1342 4203 1461 4253 litteram
1481 4194 1511 4264 E,
1531 4211 1624 4262 quam·

293 4312 375 4360 quam
395 4296 557 4360 particulam
577 4309 603 4343 τε
622 4295 674 4344 hoc
693 4296 751 4344 loco
769 4297 798 4343 et
816 4308 912 4344 sensus
931 4297 959 4344 et
977 4297 1095 4344 metrum
1115 4297 1257 4357 respuunt.

400 4386 435 4434 ad
454 4400 478 4435 v.
499 4381 529 4434 7:
555 4384 681 4448 Spatium
700 4384 772 4433 inter
791 4379 814 4433 N
835 4387 863 4433 et
882 4377 903 4431 Ξ
922 4384 1031 4448 longius
1049 4387 1105 4449 est,
1135 4397 1219 4445 quam
1246 4384 1279 4430 ut
1302 4393 1359 4429 una
1383 4380 1476 4428 littera
1494 4378 1627 4426 excidisse

295 4476 428 4526 videatur.
548 4455 551 4464 ¹

401 4559 420 4626 ²)
440 4564 535 4614 Simile
549 4560 703 4627 Aesculapii
723 4577 871 4627 cognomen
890 4563 1021 4612 sollemne
1041 4559 1149 4608 videtur
1167 4573 1224 4608 esse
1238 4549 1401 4617 ἀλεξὶπονος,
1418 4553 1491 4616 quod
1511 4553 1627 4602 verbum

296 4658 483 4717 praeterquam
504 4655 532 4703 in
550 4668 653 4718 paeane
672 4652 834 4703 Atheniensi
853 4656 880 4701 et
900 4649 1043 4714 Sophoclis
1062 4662 1165 4712 paeane
1184 4646 1248 4698 cJA
1266 4644 1308 4694 111
1329 4641 1378 4695 171
1397 4657 1422 4711 g.
1442 4643 1531 4691 solum
1552 4641 1626 4707 apud

296 4743 439 4807 scriptores
458 4745 656 4794 recentissimos
674 4742 799 4794 occurrit.
