3670 5536
300 499 365 565 200
831 500 946 574 loannes
964 499 1098 555 Slbclrlein

299 701 485 764 accusatum
510 695 600 762 illum
625 695 754 778 quidem
782 696 854 779 lege
886 698 926 764 de
950 697 1095 780 pecuniis
1120 697 1325 780 repetundis,
1360 699 1417 765 sed
1446 700 1631 766 absolutum

298 823 369 872 esse
393 805 541 870 affirmat.
591 804 692 885 Atqui
715 805 755 870 de
778 806 888 871 eodem
912 806 1050 872 Falcula
1072 806 1169 890 longe
1193 806 1323 874 diverso
1347 808 1438 872 modo
1471 806 1631 874 iudicavit

296 912 331 982 iu
351 912 498 978 oratione
515 931 573 993 pro
586 910 730 978 Caecina
749 912 862 977 habita
881 915 971 994 §29³
997 915 1140 992 „Utrum
1164 913 1299 997 gravius
1323 914 1446 996 aliquid
1469 913 1503 982 iu
1525 935 1631 998 quem·

295 1019 382 1102 piam
397 1018 471 1098 ¹dici
494 1025 617 1101 potest,
650 1037 744 1099 quam
769 1019 809 1084 ad
838 1018 999 1085 hominem
1023 1019 1316 1101 condemnandum,
1349 1040 1442 1103 quem
1467 1041 1631 1102 nunquam

296 1126 436 1193 vidisset
460 1144 562 1208 neque
586 1124 741 1207 audisset,
767 1125 942 1204 adductum
965 1145 1037 1192 esse
1060 1127 1191 1208 pretio?
1232 1127 1288 1194 An
1313 1127 1435 1196 certius
1456 1127 1630 1210 quidquam

295 1232 392 1301 obiici
415 1239 523 1316 potest
546 1252 641 1315 quam
665 1233 751 1332 quod
773 1233 820 1314 is,
854 1232 906 1299 cui
930 1233 1101 1310 obiicitur,
1130 1254 1171 1302 ne
1202 1239 1285 1301 nutu
1309 1235 1436 1317 quidem
1464 1236 1631 1302 infirmare

295 1347 485 1409 conatur‘?“
511 1341 576 1408 Ubi
589 1345 609 1423 ξ
622 1343 663 1408 28
682 1360 836 1408 numerus
849 1360 975 1423 quoquo
995 1341 1133 1408 affertur
1151 1342 1317 1424 pecuniae,
1331 1361 1427 1424 quam
1445 1342 1631 1410 aCluentio

296 1449 460 1532 accepisse
483 1452 693 1532 arguebatur,
719 1449 833 1517 1001>
856 1448 878 1514 i.
896 1468 922 1514 e.
948 1449 1009 1516 HS
1033 1449 1271 1532 quinquaginta
1295 1449 1428 1517 milium.
1469 1451 1521 1515 Ita
1545 1448 1630 1517 enim
1707 1479 1710 1488 ,

293 1577 353 1641 pro
376 1576 509 1623 numero
533 1563 686 1639 corrupto
710 1556 799 1623 hill
823 1562 912 1622 recte
936 1557 1124 1626 emendavit
1148 1558 1303 1624 Kellerus
1321 1597 1362 1605 -
1380 1576 1451 1623 cnm
1473 1557 1530 1623 illa
1553 1563 1632 1623 nota
1707 1585 1711 1596 ·

295 1666 330 1731 in
353 1663 501 1730 oratione
524 1684 581 1746 pro
605 1663 723 1730 Roscio
753 1664 903 1729 comoedo
936 1663 1065 1746 saepius
1096 1666 1208 1732 eadem
1238 1665 1425 1746 corruptela
1457 1667 1632 1730 obscurata

295 1773 341 1839 sit
363 1812 417 1853 —,
442 1791 546 1852 neque
577 1771 722 1837 dubitari
751 1776 875 1853 potest,
913 1771 988 1854 quin
1026 1773 1124 1838 etiam
1158 1772 1191 1838 11
1222 1771 1371 1839 oratione
1401 1791 1459 1854 pro
1479 1771 1631 1838 Cluentio

296 1886 316 1962 lg·
344 1882 406 1946 104
429 1899 487 1962 pro
510 1897 643 1945 numero
676 1898 737 1945 non
770 1878 902 1946 ferendo
935 1881 995 1948 HS
1020 1880 1132 1948 CCCC
1162 1880 1272 1946 eodem
1302 1879 1394 1946 modo
1424 1878 1630 1946 scribendum

296 1988 341 2054 sit
364 1987 424 2053 HS
448 1987 571 2055 Ioco.
613 1986 771 2052 Berdtius
802 2007 831 2069 p.
858 1991 878 2054 9
903 2007 932 2053 n.
957 1991 977 2054 5
1006 1986 1165 2054 orationis
1196 2008 1253 2070 pro
1279 1987 1422 2055 Caecina
1451 1987 1629 2069 immemor,
1699 2025 1702 2031 ·

296 2101 421 2175 quanta
453 2094 590 2177 pecunia
629 2114 648 2159 a
681 2094 833 2161 Cluentio
866 2095 945 2162 data
980 2095 1037 2173 sit,
1074 2095 1109 2160 in
1144 2095 1270 2161 incerto
1303 2094 1468 2178 relinquit.
1515 2098 1631 2177 Itaque

297 2201 519 2284 Oppianicum,
545 2201 601 2283 qui
624 2201 762 2267 sedecim
794 2200 956 2267 iudicibus
981 2203 1190 2284 quadragena
1219 2201 1310 2268 milia
1342 2202 1376 2268 in
1405 2202 1551 2285 singulos
1580 2203 1631 2268 de-

296 2309 391 2375 derat
412 2313 444 2391 (ξ
468 2312 520 2376 69.
546 2313 597 2376 82.
625 2311 688 2392 87),
715 2309 795 2374 vicit
819 2309 992 2376 Cluentius
1015 2309 1051 2376 in
1075 2308 1223 2392 singulos
1247 2329 1287 2375 011
1305 2309 1525 2392 septendecim
1549 2309 1629 2376 iudi-

296 2417 389 2484 cibus
412 2415 505 2482 denis
529 2416 660 2482 milibus
684 2436 784 2499 supra
807 2416 896 2482 illam
921 2435 1078 2483 summam
1103 2415 1250 2484 adiectis

407 2524 573 2591 Falculam
598 2523 715 2607 igitur,
747 2524 802 2606 qui
825 2531 980 2606 quantam
1004 2524 1175 2607 pecuniam
1205 2523 1385 2606 accepisset
1414 2544 1524 2590 omnes
1550 2524 1631 2591 scie-

142 2605 147 2617 ’
196 2676 199 2682 ·
295 2633 384 2711 bant,
410 2636 519 2697 tamen
543 2632 728 2698 absolutum
752 2649 834 2710 esse,
859 2638 984 2697 ceteros
1008 2651 1086 2699 vero
1110 2631 1234 2699 iudices
1259 2631 1314 2714 qui
1339 2630 1373 2696 in
1397 2631 1552 2698 iudicium
1576 2652 1628 2699 vo·

296 2739 362 2804 cati
393 2745 469 2804 sunt
501 2739 565 2806 alio
594 2739 730 2806 crimine
760 2757 833 2805 reos
856 2757 929 2804 esse
961 2739 1066 2805 iactos
1090 2739 1205 2807 Cicero
1229 2738 1407 2805 contendit.
1455 2739 1496 2805 Id
1520 2744 1630 2807 autem

297 2847 413 2913 mirum
442 2866 506 2912 non
530 2847 712 2926 videbitur,
747 2846 776 2911 si
800 2845 1062 2928 reputaverimus
1093 2847 1150 2913 illo
1183 2854 1327 2929 tempore
1351 2852 1520 2913 senatores
1544 2848 1630 2914 solos

295 2954 478 3020 dominatos
507 2974 578 3020 esse
610 2954 641 3020 in
675 2953 817 3022 iudiciis:
854 2953 909 3035 qui
939 2955 1095 3036 quomodo
1125 2974 1160 3020 se
1184 2955 1361 3037 gesserint,
1399 2973 1439 3019 ex
1462 2953 1631 3021 Ciceronis

295 3062 442 3128 oratione
465 3081 561 3144 quam
585 3061 700 3129 habuit
723 3061 755 3127 in
773 3060 913 3130 Verrem
947 3065 1021 3147 (act.
1046 3065 1071 3128 Ι.
1090 3067 1111 3144 ἓ
1127 3063 1272 3143 38-49)
1305 3061 1517 3144 intellegitur.
1561 3063 1632 3128 Nec

296 3169 391 3235 facile
411 3175 588 3247 senatores,
609 3170 638 3234 si
655 3188 748 3250 quem
769 3188 811 3234 ex
830 3168 899 3234 suis
918 3173 1052 3250 propter
1072 3175 1236 3251 acceptam
1256 3169 1425 3250 pecuniam
1443 3175 1630 3234 accusatum

295 3277 467 3358 videbant,
494 3295 566 3342 eum
590 3278 860 3342 condemnaturos
885 3275 987 3341 fuisse
1011 3277 1189 3357 putandum
1214 3280 1278 3341 est:
1304 3275 1389 3355 quod
1413 3275 1441 3340 si
1464 3275 1631 3356 fecissent,

295 3385 483 3451 universum
501 3383 647 3449 ordinem
666 3383 802 3448 infamia
819 3382 1069 3466 adspersissent.
1104 3385 1180 3450 Non
1204 3382 1276 3448 sine
1299 3401 1398 3448 causa
1416 3382 1520 3466 igitur
1539 3403 1632 3451 accu-

295 3499 421 3558 satores
445 3509 509 3569 eos,
536 3510 616 3572 quos
639 3490 673 3556 in
690 3490 809 3556 iudicio
833 3499 1005 3571 corruptos
1029 3508 1100 3556 esse
1124 3510 1217 3556 nemo
1241 3491 1423 3572 ignorabat,
1449 3495 1557 3556 tamen
1582 3511 1631 3558 ac·

297 3603 411 3694 ceptae
434 3597 591 3680 pecuniae
615 3597 751 3663 crimine
770 3597 941 3679 postulare
965 3598 1129 3675 nolebant,
1154 3617 1224 3665 cum
1246 3615 1301 3663 eos
1317 3597 1382 3662 alio
1398 3597 1535 3664 crimine
1558 3617 1631 3665 reos

297 3705 401 3771 factos
433 3704 563 3771 facilius
591 3707 838 3771 condemnatum
868 3703 910 3769 iri
934 3711 1115 3786 sperarent.
1162 3705 1298 3790 Quare
1332 3705 1365 3770 in
1390 3724 1481 3772 suam
1504 3713 1631 3788 partem

296 3812 446 3882 abutitur
468 3819 590 3878 orator.

407 3919 499 4003 Quae
523 3938 593 3986 cum
619 3919 667 3986 ite
690 3920 770 3997 sint,
804 3919 961 3987 miramur
984 3921 1145 4002 prolecto,
1175 3941 1241 4003 qua
1264 3921 1462 3988 confidentia
1484 3928 1518 3988 01
1542 3922 1628 3988 calli·

296 4027 400 4092 ditate
429 4045 555 4109 quaque
578 4026 703 4110 ingenii
736 4027 934 4095 dexteritate
955 4027 1070 4095 Cicero
1093 4028 1128 4093 11
1160 4048 1195 4093 10
1219 4035 1285 4094 tam
1310 4027 1484 4095 manifesta
1507 4029 1630 4095 iudices

296 4133 452 4200 fefellerit
476 4140 573 4216 atque
598 4142 635 4201 ut
650 4135 838 4204 Cluentium
862 4137 1069 4202 absolverent
1092 4135 1281 4202 obtinuerit.
1323 4135 1526 4220 Quamquam
1543 4135 1630 4203 enim

298 4242 509 4309 Drumauuus
542 4241 663 4323 aliique
696 4243 736 4308 de
756 4242 881 4329 ,iudicii
913 4243 1004 4308 exitu
1037 4241 1119 4307 nibil
1154 4262 1225 4308 esse
1259 4242 1432 4308 memoriae
1467 4243 1629 4324 proditum

298 4354 465 4415 statuunt:
490 4355 599 4415 tamen
624 4368 664 4414 ex
687 4349 743 4416 illo
768 4349 939 4431 quodiam
965 4349 1286 4417 commemoravimus
1312 4349 1512 4434 Quintiliani
1536 4349 1630 4415 testi-

296 4455 403 4522 monio
420 4453 635 4538 colligendum
653 4462 705 4522 est
718 4457 905 4524 Ciceronem
920 4458 1048 4535 vicisse,
1068 4459 1151 4540 quod
1167 4457 1267 4523 etiam
1281 4456 1429 4538 Longius
1441 4457 1629 4540 (Romische

294 4563 502 4630 Altertiimer
527 4564 613 4629 [11²
637 4585 665 4646 p.
692 4567 769 4650 222)
800 4563 893 4632 vidit.
942 4566 1057 4646 Neque
1087 4564 1173 4631 enim
1197 4569 1326 4646 poterat
1359 4568 1471 4629 orator
1494 4563 1630 4646 gloriari

297 4688 332 4736 se
366 4669 528 4736 iudicibus
559 4673 711 4738 tenebras
743 4670 911 4752 offudisse,
948 4672 1011 4738 nisi
1040 4673 1099 4737 hoc
1123 4677 1242 4740 eventu
1266 4671 1507 4752 comprobatum
1531 4676 1627 4738 esset.

298 4775 402 4868 14110111
427 4778 553 4848 laudern
569 4778 652 4848 --si
676 4779 768 4850 modo
792 4780 863 4850 laus
887 4784 938 4848 est
958 4796 1108 4862 —quam
1134 4777 1275 4847 maxime
1296 4778 1338 4846 ad
1355 4775 1509 4847 iudicium
1520 4779 1630 4846 Iunia-
