3670 5536
313 453 373 524 178
829 451 929 518 Paulus
948 454 1124 518 Hildebrsndt
1175 533 1178 539 Ι

392 659 525 743 Atqui
564 677 635 724 eum
674 677 713 725 ea
751 659 901 741 opinione
938 659 1107 726 oouoiliari
1146 679 1208 726 non
1242 679 1338 744 posse
1372 663 1520 745 videtur,
1556 664 1640 745 quod

309 773 391 854 §21
418 788 465 851 sq.
497 766 544 833 eis
575 766 630 848 qui
660 785 796 850 peregre
826 766 990 849 stipendia
1020 766 1174 847 fecerint,
1210 788 1250 834 ue
1285 788 1416 836 oausam
1451 771 1484 836 in
1521 772 1641 838 iudicio

309 877 464 954 dicerent,
490 874 700 958 Polystratus
725 873 914 964 opponitur,
939 874 993 955 qui
1018 875 1129 940 statim
1161 882 1234 957 post
1265 877 1520 960 quadringentos
1553 899 1640 946 ever·

308 1004 362 1052 sos
386 1001 517 1050 caussam
542 981 679 1047 dixerit:

419 1089 505 1164 οὗτος
535 1090 568 1153 δὲ
600 1085 668 1176 ὑμῖν
697 1089 783 1176 δίκην
807 1089 954 1167 δέδωκεν,
988 1087 1076 1154 οὐδὲν
1107 1087 1188 1177 ὑμᾶς
1216 1089 1341 1169 ἀδικῶν,
1373 1089 1467 1163 εὐθὺς
1499 1098 1576 1179 μετὰ
1604 1099 1642 1159 τὰ

307 1205 487 1286 πράγματα,
523 1195 572 1262 ὅτε
604 1193 690 1282 ὑμεῖς
724 1219 756 1260 τε
792 1199 924 1282 μάλιστα
959 1194 1135 1284 ἐμέμνησθε
1171 1209 1228 1263 τῶν
1263 1205 1431 1285 γενομένων
1467 1205 1522 1276 καὶ
1556 1199 1642 1276 οὗτος

307 1306 559 1394 ἐλεγχθήσεσθαι
583 1304 703 1391 ἔμελλε,
728 1306 874 1370 πιστεὺων
899 1299 979 1387 αὑτῷ
1004 1304 1097 1391 μηδὲν
1121 1303 1333 1394 ἡμαρτῆσθαι,
1356 1305 1424 1372 ἀλλ’
1442 1305 1640 1389 ἀγωνιεῖσθαι

184 1410 186 1414 ’
306 1414 339 1480 εἰ)
364 1418 441 1502 μετὰ
464 1423 515 1478 τοῦ
539 1410 670 1477 δικαίου.

416 1524 532 1603 Itaque
571 1520 685 1607 ἔρημον
724 1518 856 1585 diverse
901 1518 1032 1585 notione
1078 1518 1301 1600 accipiendum
1347 1520 1442 1586 duxit
1482 1521 1639 1587 Reiskius
1751 1582 1755 1587 .
1818 1521 1819 1530 ’

308 1629 483 1696 ‘desertum
508 1629 549 1694 ab
565 1625 679 1692 amicis
703 1631 737 1692 et
760 1625 942 1692 desolatum
967 1645 1037 1692 eum
1055 1625 1355 1716 deprehendissent
1370 1634 1520 1694 vertens:
1546 1647 1639 1710 quem

305 1735 408 1802 secuti
434 1743 512 1800 sunt
535 1741 569 1800 et
592 1733 648 1799 alii
673 1739 707 1798 et
731 1732 891 1811 Blassius,
910 1734 983 1800 Aet.
1001 1733 1134 1800 Bereds.
1154 1735 1189 1799 1²
1204 1735 1270 1799 504
1292 1753 1322 1800 u.
1340 1737 1370 1813 2,
1395 1734 1450 1815 qui
1474 1742 1640 1816 comparat

307 1845 380 1926 [lys.
407 1844 465 1920 34,
499 1841 622 1926 ὃέργῳ
646 1852 704 1905 τῶν
728 1835 878 1927 θμετέρτυν
903 1840 1118 1927 ἐπιθυμοῦσιν·
1154 1839 1232 1926 ἅπερ
1263 1847 1426 1930 κτήσονται
1457 1841 1530 1910 ὅταν
1560 1840 1640 1929 ὑμᾶς

304 1953 437 2039 ἐρήμους
452 1954 623 2038 συμμάχων
639 1951 783 2032 λάβωσιν.
818 1947 947 2014 Addere
963 1956 1093 2030 poterat
1115 1951 1145 2027 8,
1164 1951 1182 2015 l
1201 1947 1332 2036 ἐμαυτὸν
1348 1951 1374 2013 δ’
1393 1950 1505 2038 ἐρήμον
1522 1954 1638 2039 pilum

303 2065 473 2153 praeterea
496 2055 881 2139 Xenoph.(lyrop.Hl‚
901 2058 938 2120 11
966 2053 1061 2137 ὀλίγοι
1085 2061 1138 2121 καὶ
1162 2057 1270 2144 ἔρημοι
1294 2063 1474 2145 συμμάχων.
1512 2057 1634 2126 Verum

302 2166 356 2247 qui
380 2155 432 2230 bis
455 2164 535 2231 loeis
557 2164 688 2230 additur·
704 2161 877 2243 genetivus
894 2161 1001 2251 φίλων,
1019 2169 1190 2250 συμμάχων
1202 2202 1246 2211 -
1258 2163 1312 2244 qui
1330 2164 1458 2245 quidem
1475 2164 1636 2230 adieetivo

302 2272 581 2340 circumscribitur
604 2270 689 2353 apud
715 2269 810 2351 Soph.
836 2267 921 2336 Phil.
946 2271 1010 2335 228
1035 2267 1150 2358 ἔρημος
1171 2269 1302 2359 κᾶφιλος
1324 2311 1378 2346 -,
1412 2270 1577 2337 omittitur
1599 2280 1651 2336 eo‘

296 2376 394 2465 ‘quem
419 2387 599 2455 tractamus
622 2378 709 2458 looo;
734 2374 925 2442 offendimus
949 2380 1058 2443 numm
1083 2376 1116 2442 in
1134 2377 1265 2442 notione
1286 2378 1401 2466 ἔρημον
1418 2379 1504 2445 nude
1521 2375 1635 2460 posita.

413 2489 489 2555 Non
514 2484 634 2552 suffieit
657 2483 741 2569 quod
766 2482 891 2564 Bakius
916 2483 1022 2548 schol.
1049 2483 1198 2568 hypomn.
1224 2486 1281 2560 ΙΠ,
1308 2487 1369 2551 251
1397 2483 1541 2552 ‘servata
1569 2505 1637 2551 ser-

302 2595 405 2662 monis
437 2593 647 2676 proprietate'
679 2589 885 2656 scribendum
921 2589 1090 2672 proposuit
1125 2590 1238 2678 ἔρημον
1273 2595 1331 2676 γὰρ
1365 2589 1456 2657 αὐτὸν
1490 2595 1637 2676 λαβόντες

303 2695 481 2770 ἀπόντων
512 2705 582 2767 καὶ
614 2697 719 2789 ἡμῶν
744 2697 765 2764 i.
783 2717 809 2762 e.
833 2694 913 2762 geum
938 2716 1020 2776 euin,
1046 2696 1140 2763 nohis
1164 2717 1290 2781 quoque
1313 2698 1519 2775 absentibus,
1546 2697 1635 2780 (filiis

302 2815 388 2894 eius)
412 2811 573 2876 desertum
599 2805 915 2889 deprehendissent:
948 2803 1003 2870 ubi
1035 2809 1068 2870 et
1096 2805 1269 2888 genetivus
1287 2794 1462 2872 'absolutus
1487 2805 1636 2888 displicet

302 2919 431 3000 etipsa
455 2914 612 2983 correctio
637 2915 678 2980 ab
702 2911 789 2978 omui
813 2909 1046 2993 probabilitate
1070 2913 1232 2979 abhorret.

417 3025 487 3090 Neo
509 3019 711 3104 probabilius
736 3017 959 3084 Thalheimius
983 3020 1064 3105 (Des
1088 3019 1208 3102 Lysias
1231 3021 1322 3086 Rede
1345 3021 1399 3086 fiir
1420 3022 1636 3105 Polystratos,

302 3130 527 3202 Viatislaviae
552 3117 647 3204 1875,
673 3127 766 3208 p.13.
789 3128 845 3207 31)
869 3125 979 3192 verbis
1004 3123 1096 3192 αυτοῦ
1120 3150 1151 3191 τε
1175 3131 1229 3191 καὶ
1254 3136 1419 3208 tamquam
1438 3129 1634 3212 interpreta-

301 3248 409 3305 mento
423 3236 538 3302 deletis
556 3235 670 3322 ἔρημον
686 3236 745 3318 γὰρ
762 3230 851 3298 αιἰτὸν
869 3237 1016 3318 λαβόντες
1027 3233 1114 3322 ἡμῶν
1130 3245 1370 3322 κατηγοροῦντες
1386 3234 1466 3301 εἷλον
1479 3237 1630 3317 reposuit.

302 3346 451 3414 Otiosum
476 3342 560 3409 enim
584 3348 687 3418 esset,
719 3340 816 3407 immo
840 3339 986 3422 ineptum
1010 3351 1249 3428 κατηγοροῦντες
1278 3341 1404 3406 obieeto
1428 3342 1632 3408 destitutum.

224 3534 226 3537 Ι
411 3454 526 3534 Itaque
555 3469 624 3515 eum
654 3451 755 3517 verba
785 3447 911 3514 tradita
942 3466 1000 3530 per
1032 3466 1066 3512 se
1102 3447 1184 3512 vitio
1219 3466 1282 3513 nou
1319 3449 1483 3534 laborent,
1520 3451 1633 3538 ἔρημον

301 3553 449 3644 λαβόντες
471 3556 665 3638 simpliciter
688 3556 828 3636 positum
853 3574 893 3619 ex
917 3574 977 3620 usu
1010 3555 1169 3619 sermonis
1200 3555 1365 3620 iudicialis
1397 3556 1446 3621 ita
1476 3565 1554 3638 puto
1588 3557 1633 3622 in-

301 3666 517 3750 tellegendum
541 3682 612 3729 esse
623 3672 636 3740 ,'
662 3672 699 3729 ut
724 3683 758 3728 re
782 3681 863 3728 vera
885 3662 1109 3748 Polystratum
1142 3661 1174 3726 in
1201 3661 1320 3726 iudicio
1345 3680 1408 3727 nou
1433 3663 1577 3729 adfuisse
1601 3670 1635 3728 et

301 3776 469 3840 absentem
494 3791 564 3838 esse
589 3771 835 3837 condemnatum
861 3767 1014 3834 dieamus

413 3881 450 3945 Id
475 3897 552 3946 vero
576 3897 650 3944 num
683 3884 830 3944 statuere
862 3895 921 3942 nos
946 3883 1035 3943 vetet
1067 3876 1156 3944 loeus
1186 3895 1285 3958 supra
1314 3876 1437 3942 allatus
1465 3876 1487 3963 β
1511 3879 1550 3942 21
1577 3895 1632 3956 sn,

301 3987 364 4054 iam
390 3985 582 4070 diligentius
606 3985 670 4050 erit
693 3985 922 4065 quaerendum.
1324 4039 1327 4048 ,
1690 3989 1691 3992 ’

285 4105 286 4114 ’
367 4127 373 4139 v
412 4095 635 4178 Polystratum
660 4099 775 4158 narrat
798 4098 910 4157 orator
934 4097 1079 4157 extremo
1104 4092 1412 4174 quadringentorum
1444 4086 1631 4154 dominatio-

301 4203 353 4268 nis
388 4209 532 4284 tempore
556 4199 754 4282 praefectum
791 4198 923 4265 navium
958 4199 992 4263 in
1023 4217 1131 4280 pugna
1161 4198 1288 4273 navali,
1315 4217 1379 4278 qua
1411 4196 1631 4262 Athenienses

301 4310 386 4391 apud
410 4307 573 4375 Eretriam
603 4306 683 4374 victi
719 4314 812 4385 suut,
845 4306 1052 4372 vulneratum
1084 4324 1170 4382 esse,
1206 4323 1279 4369 mox
1312 4304 1462 4369 Athenas
1494 4300 1632 4366 rediisse

302 4435 409 4484 rerum
434 4421 525 4480 statu
550 4413 614 4479 ium
638 4432 793 4480 converso
818 4413 928 4494 ibique
953 4431 1042 4478 reum
1066 4412 1188 4477 factum
1219 4418 1253 4475 et
1283 4409 1530 4474 condemnatum
1552 4425 1631 4472 esse

300 4529 334 4608 (ξ
360 4529 400 4589 14
430 4521 508 4588 ὀκτὼ
539 4519 659 4610 ἡμέρας
681 4519 831 4588 εἰσελθὼν
865 4519 909 4590 εἰς
939 4525 971 4585 τὸ
1001 4523 1213 4606 βουλευτήριον
1241 4513 1360 4587 ἐξέπλει
1391 4513 1435 4586 εἰς
1462 4512 1630 4599 Ἐρέτριαν,

299 4615 353 4698 adt
376 4630 476 4695 ἐδόκει
500 4626 563 4694 ἐκεῖ
586 4632 640 4715 τήν
661 4632 762 4716 ψυχήν
786 4626 821 4693 οἵ)
845 4631 978 4715 πονηρὸς
1001 4625 1078 4692 εῖναι
1102 4625 1217 4699 ἐντοῖς
1233 4629 1430 4709 ναυμαχίαις,
1451 4626 1631 4707 καὶτετρτυ-

301 4744 391 4824 μένος
414 4737 494 4822 δεῦρ’
519 4734 612 4824 ήλθε,
635 4739 689 4799 καὶ
712 4735 772 4825 ήδή
798 4735 1082 4822 μετεπεπτώκειτά
1105 4736 1272 4818 πράγματα
1296 4733 1359 4794 κτλ.
1386 4731 1486 4812 ξ21).
1521 4730 1631 4809 Atque
