3640 5536
509 455 549 509 De
568 473 636 510 novo
655 473 755 525 paeane
774 457 800 510 in
819 457 946 512 honorem
967 460 1117 528 Aesculapii
1136 460 1212 514 facto.
1506 466 1526 528 9

192 670 380 735 restitutum
406 690 477 736 esse
501 672 756 738 aValchenario
782 673 942 739 Dictum
968 676 1043 739 Hnr.
1070 677 1142 740 291.
1172 677 1282 743 Verba
1301 676 1517 759 thmologici

192 778 264 860 ipsa
288 778 449 842 adscribo:
476 779 500 863 ᾧ
523 785 576 845 καὶ
599 792 727 861 γυναῖκα
753 781 958 865 παραδίδωσιν
984 779 1141 870 Ἠπιόνην,
1167 783 1198 854 ἐξ
1221 781 1261 871 ἧς
1278 782 1358 869 αὐτῷ
1380 782 1526 865 γενέσθαι

194 884 316 950 ’ίοίσονα
353 885 457 968 (Ἰασὼ
488 887 631 951 correxit
661 888 830 970 Valcken.)
867 886 1056 952 Πανάκειαν.
1106 888 1240 954 Δεκτίοιν
1275 889 1306 954 ἐν
1336 887 1529 977 ὑπομνήματι

193 989 410 1081 Λυκόφρονος.
453 993 520 1058 Sub
537 993 668 1060 Δεκιίων
685 995 890 1076 grammatici
907 994 1035 1059 nominc
1052 996 1147 1077 plane
1163 997 1267 1078 ignoti
1287 997 1527 1066 Valckenarius

195 1098 316 1164 Ἀκεσώ
344 1100 449 1165 latere
478 1101 617 1165 coniecit
645 1101 762 1166 collato
786 1102 854 1167 loco
879 1102 1008 1176 Suidae
1045 1102 1121 1183 qnia
1144 1103 1177 1168 in
1197 1105 1418 1187 thmologico
1443 1123 1525 1169 scm-

193 1227 251 1288 per
267 1207 389 1272 citatnr
406 1206 437 1271 ἐν
454 1205 647 1296 ὑπομνήματι
663 1206 871 1297 Λοκόρρωνος
888 1210 1030 1273 auctoris
1048 1210 1176 1276 nomine
1192 1230 1254 1275 non
1268 1211 1403 1296 adiecto.
1436 1212 1526 1278 bom-

194 1320 321 1394 pertum
339 1314 457 1398 habere
475 1315 639 1397 Berghins
657 1317 796 1380 nondum
815 1316 932 1397 potuit,
951 1317 1035 1398 quod
1053 1336 1137 1383 trunc
1151 1317 1380 1399 inscriptiones
1398 1319 1522 1395 docent,

194 1421 227 1484 in
254 1419 367 1485 Attico
404 1421 593 1503 Aesculapii
629 1423 717 1487 cultu
752 1422 875 1488 Ἀκτσιί
911 1425 1002 1488 dcam
1040 1425 1112 1504 pari
1148 1425 1219 1489 iure
1255 1432 1352 1507 atquc
1377 1425 1468 1490 Ἰαστί
1492 1432 1525 1490 et

196 1527 374 1594 Πανάκειαν
390 1530 510 1594 cultam
530 1547 620 1607 esse;
645 1531 756 1595 conten
771 1530 1019 1611 inscriptionem
1036 1550 1129 1611 quam
1149 1531 1244 1597 affert
1263 1532 1527 1599 Wilamovitnius

195 1636 285 1718 Isyll.
312 1638 439 1701 tubex
472 1635 583 1725 Ἐφημ.
611 1635 683 1723 ἀρχ.
714 1639 805 1715 188ῑ),
833 1640 874 1703 88
899 1645 932 1702 et
955 1638 1112 1716 Roscher‚
1146 1641 1249 1721 Myth.
1277 1659 1300 1706 s.
1327 1659 1355 1706 v.
1381 1638 1527 1722 Hygieia

196 1763 246 1826 pg.
273 1746 360 1810 aits
374 1763 420 1826 sq.

305 1855 495 1918 ν.10-16.
533 1851 692 1935 singulari
709 1860 807 1934 atque
831 1851 979 1917 sollemni
1005 1853 1074 1918 loco
1101 1853 1213 1934 Hygia
1229 1852 1316 1916 inter
1336 1852 1526 1934 Aesculapii

193 1958 280 2024 filias
305 1969 586 2035 commemoratur,
623 1959 795 2043 quodiam
831 1979 872 2024 ex
901 1979 1024 2041 paeane
1048 1959 1245 2025 Atheniensi
1278 1961 1345 2040 (ubi
1371 1969 1440 2024 est:
1477 1963 1531 2024 σὺν

196 2065 370 2151 ἀριπρέιιτῳ
387 2065 518 2152 Ὑγιείη)
542 2076 652 2132 notum
678 2086 761 2132 novo
786 2067 844 2131 hoc
862 2066 1071 2132 confirmatur
1088 2066 1283 2132 testimonio.
1323 2067 1396 2131 Hoc
1420 2076 1531 2133 antem

195 2193 309 2238 moneo
334 2182 467 2256 propter
483 2192 547 2253 eos
573 2174 626 2254 qui
653 2173 796 2256 Hygiam
821 2174 1056 2240 recentissimis
1081 2175 1206 2240 demum
1232 2175 1432 2255 temporibus
1457 2190 1529 2238 cum

195 2281 393 2362 Aesculapio
419 2281 511 2346 deam
537 2282 657 2347 cultam
683 2299 754 2346 esse
778 2282 994 2364 contendunt,
1025 2290 1061 2346 ut
1085 2282 1269 2362 Koeppius,
1300 2279 1354 2363 qui
1380 2279 1527 2364 (Mittcil.

196 2389 226 2453 d.
246 2390 352 2454 athen.
373 2390 455 2454 lust.
475 2389 512 2454 X
528 2391 603 2468 261,
628 2389 704 2453 Not.
724 2392 757 2471 2)
781 2389 920 2472 dubitat,
946 2408 1021 2454 num
1039 2388 1077 2468 is,
1094 2389 1148 2469 qui
1165 2407 1295 2453 carmen
1312 2385 1531 2469 composuerit

197 2495 418 2575 Atheniense,
456 2501 584 2562 omnino
610 2495 751 2578 Hygiam
778 2497 918 2577 Hpioncs
941 2496 1042 2562 filiam
1066 2515 1139 2561 esse
1162 2494 1345 2586 putaverit
1387 2498 1433 2559 At
1456 2494 1531 2560 vide

195 2622 278 2684 quae
301 2602 334 2667 in
352 2602 550 2668 contrariam
567 2605 762 2668 senteutiam
782 2605 935 2676 Roscher,
961 2605 1064 2688 Myth.
1083 2623 1108 2668 s,
1126 2623 1156 2670 ν.
1178 2602 1291 2685 Hygia
1317 2620 1368 2684 pg.
1382 2605 1422 2667 27
1427 2604 1469 2667 74
1483 2620 1529 2683 sq.

195 2709 391 2794 disputavit.
423 2707 425 2711 ’
761 2778 767 2790 ,

309 2818 548 2901 Superscriptio
565 2817 681 2900 paceni
697 2818 877 2899 praemissa
893 2821 933 2883 ab
950 2818 1140 2885 consuetudi
1147 2837 1187 2884 ne
1205 2820 1317 2883 horum
1341 2823 1523 2898 temporum

194 2926 314 3007 quibus
332 2927 545 3008 imperatores
570 2945 729 2991 unacum
754 2925 823 2990 dcis
847 2927 1047 3003 colebantur,
1073 2945 1135 2992 uon
1160 2927 1323 2992 abhorret.
1361 2923 1530 3004 Principio

195 3034 305 3117 posita
333 3034 496 3115 particula
528 3031 603 3119 ίιιέρ
633 3034 716 3098 idem
749 3033 929 3114 significat,
964 3035 1047 3115 quod
1082 3035 1114 3098 io
1149 3032 1225 3098 aliis
1260 3029 1531 3114 inscriptionibus

195 3141 324 3225 plenius
348 3160 535 3223 expressum
565 3152 616 3208 est
643 3143 754 3209 verbis
789 3140 863 3227 ὑπὲρ
893 3154 948 3231 της
972 3141 1017 3217 είς
1044 3141 1145 3229 αἰῶνα
1176 3143 1341 3230 διαμονῆς,
1374 3139 1426 3207 vel
1457 3134 1532 3222 ὑπὲρ

194 3261 253 3338 της
276 3253 389 3336 τίχης,
415 3251 465 3314 vel
491 3247 566 3335 ὑπὲρ
590 3263 646 3339 της
669 3255 756 3338 νίκης
778 3255 832 3315 καί
855 3256 1024 3338 σωτηρίας,
1052 3250 1103 3314 vel
1127 3247 1202 3334 ὑπὲρ
1227 3254 1380 3336 σωτηρίας
1402 3249 1457 3310 καί
1481 3244 1530 3310 αὶ-

195 3363 288 3422 ιονίοο
311 3362 398 3444 νίκης
421 3367 472 3422 τοο
490 3355 724 3443 αὐτοκράτορος.
774 3357 922 3424 Graecae
939 3366 1046 3423 autem
1065 3357 1139 3422 huic
1155 3355 1336 3438 particulae
1358 3355 1454 3436 plane
1477 3372 1527 3418 re-

121 3455 124 3462 ’
195 3464 335 3546 spondet
358 3464 463 3529 latina
487 3462 563 3546 ‘pro’
588 3466 640 3531 vel
673 3465 740 3548 ‘pro
773 3466 899 3531 salute’.
938 3465 1095 3546 Exempla
1127 3483 1205 3531 vero
1242 3462 1338 3527 huius
1374 3459 1533 3525 formulae

195 3572 358 3654 permulta
400 3579 550 3651 exstant,
605 3575 694 3639 velut
737 3573 874 3655 legimus
925 3571 1001 3658 ὑπὲρ
1048 3573 1201 3656 βασιλέως
1247 3567 1442 3656 Πτολεμαίου
1480 3571 1534 3630 καί

197 3677 383 3764 βασιλίσσας
407 3679 615 3765 Κλεοπάτρας
639 3681 724 3748 0th
751 3682 848 3759 4703,
874 3682 977 3754 4841,
1003 3680 1107 3755 4859,
1132 3679 1237 3752 4893,
1260 3677 1365 3770 4979,
1390 3674 1477 3739 5073
1501 3679 1535 3738 et

197 3785 274 3870 ὑπὲρ
299 3783 524 3872 αὐτοκράτορος
548 3786 710 3873 Καίσαρος
733 3791 809 3856 κτλ..
835 3786 922 3853 OJG
939 3787 1169 3858 atta-4716,
1195 3803 1277 3864 quac
1301 3779 1533 3862 inscriptiones

197 3911 270 3958 cum
294 3904 409 3959 nostra
431 3894 527 3975 plane
558 3907 749 3976 congruunt.
796 3895 945 3977 Cognata
976 3900 1027 3958 est
1051 3893 1101 3957 vis
1124 3890 1306 3973 particulae
1330 3886 1379 3953 ἐπὶ
1405 3917 1446 3942 =
1471 3887 1530 3951 sub

198 4019 308 4082 regnu,
342 4018 424 4079 qnae
448 4000 556 4065 rarius
586 4020 657 4067 oum
691 4001 819 4067 nomine
852 3999 1073 4082 imperatoris,
1106 3989 1297 4080 saepissime
1334 4014 1405 4060 cum
1436 3992 1533 4058 nomi·
1576 4074 1579 4081 Ι

198 4107 295 4172 nibus
318 4107 570 4188 magistratuum
594 4109 767 4174 coniuncta
790 4107 966 4174 invenitur

311 4215 403 4279 Hace
419 4220 591 4295 postquam
608 4217 647 4280 ad
671 4216 765 4281 finem
791 4215 937 4297 perrluxi,
963 4214 996 4279 in
1015 4231 1130 4278 manus
1154 4211 1233 4276 mihi
1258 4209 1351 4277 venit
1368 4209 1533 4275 Commen-

200 4322 350 4387 tariolum
383 4321 632 4404 grammaticum
656 4324 703 4389 lV
737 4321 947 4402 praemissum
978 4319 1082 4385 ludici
1113 4319 1287 4384 lectionum
1318 4315 1527 4397 Gottingens

202 4429 347 4507 tasasao
371 4431 411 4494 ab
439 4429 590 4495 Udalrico
615 4431 653 4494 de
679 4426 1151 4504 Wilamowituhloellendorff,
1184 4445 1246 4505 quo
1270 4424 1304 4488 in
1328 4424 1411 4488 libro
1436 4440 1531 4501 qnam

199 4535 239 4599 dc
263 4538 322 4600 hoc
346 4555 469 4618 paeane
495 4536 691 4602 Ptolemensi
717 4537 768 4602 vir
792 4535 1035 4601 illustrissimus
1061 4535 1201 4615 mihique
1225 4530 1376 4614 magistri
1401 4529 1530 4594 nomine

199 4643 252 4724 pie
277 4645 428 4708 colendus
453 4644 650 4710 sententiam
674 4644 760 4722 tulit,
786 4642 909 4708 amois
934 4640 1118 4708 rationibus
1149 4660 1212 4706 non
1233 4656 1366 4721 prorsus
1391 4637 1530 4702 alienam

200 4769 272 4816 esse
301 4771 417 4836 magno
450 4771 520 4817 cum
544 4753 663 4834 gaudio
687 4751 834 4834 cognovi.
