3640 5536
347 463 368 526 4
898 461 979 520 Erich
999 463 1128 523 Ziebarth.

346 658 501 739 plectitur
523 664 601 743 (v.v.
620 665 662 726 22
679 667 711 726 et
727 664 792 746 23),
815 663 978 744 posterior
994 683 1092 730 uuum
1111 683 1242 732 versum
1260 670 1311 734 24.
1353 669 1479 737 Versus
1494 678 1603 738 autem
1620 675 1676 748 23,

345 765 400 846 qui
425 767 564 848 speciem
587 768 748 850 tripediae
772 769 978 852 logaoedioae
1002 772 1110 846 habet,
1136 773 1279 838 insertus
1302 784 1354 840 est
1371 778 1542 860 dactylicis
1559 779 1677 844 metris

345 874 519 940 secundum
555 879 664 942 uotum
703 876 902 958 tragicorum
938 895 1040 960 usum,
1076 879 1131 960 qui
1168 879 1255 945 inter
1290 883 1436 964 dactylos
1471 903 1533 950 non
1570 886 1678 950 solum

344 987 553 1061 anapaestos,
590 981 729 1059 iambos,
767 986 955 1062 trochaeos
993 989 1048 1052 sed
1080 987 1177 1052 etiam
1208 987 1410 1066 logaoedicos
1447 1011 1560 1058 versus
1597 992 1677 1058 licet

344 1086 510 1153 rarissime
535 1095 634 1169 atque
657 1089 817 1171 imprimis
840 1091 875 1156 in
892 1093 1050 1158 clausulis
1067 1102 1278 1176 systematum
1297 1096 1470 1178 exhibent;
1496 1097 1535 1163 cfr
1556 1099 1675 1164 Aesch.

307 1181 310 1188 ’
343 1193 460 1276 Agam.
489 1197 551 1260 133
574 1196 738 1280 (Kirchh.)

697 1306 819 1390 δρόσοις
843 1303 968 1380 ἀέπτοις
991 1311 1134 1393 μαλερῶν
1158 1311 1287 1373 λεόντων

698 1412 864 1494 Aristoph.
889 1413 975 1479 Nub.
1002 1417 1066 1480 286
1090 1414 1219 1496 (Mein.)

697 1526 895 1606 μαρμαρέαις
919 1519 950 1585 ἐν
975 1519 1095 1604 αὐγαῖς.

430 1623 622 1704 huacrusin,
648 1643 711 1706 qua
736 1646 865 1692 versum
893 1631 932 1693 19
957 1633 1086 1693 auctum
1112 1628 1263 1705 vidimus
1290 1616 1444 1696 tutantur
1467 1631 1550 1697 loci:

695 1732 792 1814 Soph.
819 1735 898 1801 Oed.
927 1736 964 1800 R.
993 1737 1056 1801 154

692 1837 753 1928 ἰήιε
777 1839 873 1905 Δάλιε
898 1839 1000 1906 Παιάν

694 1946 800 2012 Arist.
825 1948 911 2014 Nub.
938 1951 1004 2014 313

693 2059 747 2119 aod
770 2065 871 2140 μοῦσα
896 2059 1092 2142 βαρόβρομος
1115 2057 1228 2123 αὐλῶν.

446 2160 668 2226 Pertractatis
692 2161 833 2243 siugulis
857 2162 1007 2243 partibus
1030 2163 1244 2244 versibusque
1268 2163 1431 2242 carminis,
1457 2164 1486 2228 si
1510 2167 1672 2247 quomodo

335 2264 416 2332 fines
439 2285 594 2334 versuum
618 2277 716 2348 poeta
734 2267 974 2351 significaverit
997 2290 1145 2352 quaeras,
1172 2272 1313 2353 spondeo
1330 2291 1388 2353 pro
1405 2271 1535 2354 dactylo
1558 2272 1667 2354 posito

334 2391 451 2440 versus
475 2374 606 2457 plurimi
623 2374 790 2451 finiuntur,
816 2377 956 2442 catalexi
980 2395 1096 2442 uersus
1120 2380 1159 2442 21
1186 2385 1220 2443 et
1245 2381 1297 2456 22,
1322 2377 1415 2442 hiatu
1438 2396 1554 2445 versus
1580 2381 1621 2444 13
1645 2398 1667 2443 a

335 2489 493 2562 sequente
528 2500 627 2549 versu
662 2482 837 2548 dirimitur.
885 2485 1036 2550 Ceterum
1074 2484 1184 2550 hiatus
1220 2484 1381 2550 admissus
1416 2490 1469 2550 cst
1503 2486 1602 2550 etiam
1633 2486 1667 2551 in

335 2589 439 2655 medio
463 2592 598 2656 versu9
623 2613 654 2655 τε
673 2588 831 2678 Ἠπιόνης,
855 2611 917 2672 quo
941 2592 1010 2656 loco
1034 2591 1195 2673 particula
1213 2616 1255 2671 πε,
1281 2591 1372 2658 cuius
1397 2592 1518 2657 vocalis
1543 2594 1670 2659 duobus

333 2695 408 2762 aliis
431 2696 510 2762 locis
527 2703 642 2762 contra
663 2697 804 2778 lapidem
820 2698 969 2763 elidenda
985 2705 1037 2762 est
1051 2701 1092 2780 (9.
1109 2700 1135 2763 π’
1153 2697 1272 2776 chaace,
1299 2703 1349 2763 21.
1367 2700 1393 2763 ’τ’
1411 2697 1545 2783 dycaeo),
1569 2701 1667 2782 plena

332 2809 434 2868 metro
450 2803 630 2886 flagitatur,
656 2804 766 2869 hiatus
783 2811 891 2870 autem
908 2806 1072 2871 bucolicae
1097 2825 1191 2886 quam
1217 2812 1336 2870 vocant
1360 2825 1515 2871 caesurae
1531 2806 1666 2872 licentia

331 2910 525 2977 defenditur.
574 2912 757 2994 Legitimus
792 2932 871 2979 vero
907 2919 959 2978 est
994 2913 1104 2978 hiatus
1135 2933 1198 2979 v.v.
1225 2916 1254 2978 7.
1283 2915 1333 2978 10.
1362 2916 1410 2993 16,
1448 2913 1504 2978 ubi
1540 2915 1665 2979 hiatum

330 3018 535 3084 coniunctum
560 3019 652 3084 illum
676 3038 745 3084 cum
771 3019 976 3101 correptione
1000 3020 1124 3086 vocalis
1147 3021 1263 3102 longae
1288 3027 1417 3086 tutatur
1440 3021 1530 3086 locus
1561 3021 1661 3086 simil·

328 3124 425 3191 limus
448 3126 550 3193 Arist.
576 3127 662 3194 Nub.
689 3129 754 3192 290
777 3127 906 3210 (Mein.)

683 3221 864 3321 τηλεσκόπῳ
888 3233 1002 3320 ὄμματι
1024 3247 1124 3317 γαῖαν.

438 3339 560 3408 Oouier
594 3341 835 3420 Wilamowitz,
870 3342 1018 3423 Euripid.
1054 3343 1186 3408 Heracl.
1227 3343 1244 3406 Ι
1276 3343 1349 3406 349.
1410 3339 1534 3408 Contra
1569 3342 1659 3424 leges

279 3520 281 3526 ,
327 3454 449 3526 autem,
484 3467 566 3530 quas
590 3448 703 3530 optimi
728 3448 857 3529 quidem
881 3455 996 3530 poetae
1020 3450 1206 3524 observant,
1233 3448 1367 3513 verbum
1393 3447 1426 3511 in
1451 3449 1514 3514 fine
1538 3469 1603 3516 v.v.
1629 3452 1659 3514 9.

329 3555 378 3620 15.
405 3557 456 3620 20.
483 3574 546 3620 uon
563 3554 687 3632 finitur,
713 3556 797 3622 unde
819 3558 848 3621 si
872 3556 946 3638 quis
969 3574 1087 3623 versus
1111 3558 1131 3621 9
1155 3561 1190 3620 et
1215 3557 1266 3632 10,
1294 3557 1333 3620 15
1357 3561 1392 3619 et
1417 3557 1467 3634 16,
1494 3558 1536 3621 20
1561 3562 1594 3621 ct
1618 3558 1657 3621 21
1786 3569 1788 3656 J

210 3719 214 3724 .
325 3659 464 3744 singulis
487 3662 630 3745 periodis
653 3664 969 3745 comprehendendos
993 3662 1157 3741 censebit,
1183 3661 1328 3742 equidem
1360 3679 1423 3726 nou
1456 3659 1655 3744 refragator.
1786 3657 1787 3662 ’

434 3769 583 3851 Denique
607 3790 625 3837 e
649 3791 684 3836 re
715 3771 780 3836 erit
809 3789 983 3852 quaerere,
1017 3776 1127 3835 utrum
1160 3768 1300 3850 singulis
1335 3768 1468 3848 pedibus
1499 3788 1543 3834 an
1572 3769 1657 3834 binis

324 3895 454 3943 carmen
478 3877 710 3944 dimetiendum
735 3885 830 3960 poeta
856 3875 1038 3958 curaverit;
1064 3882 1239 3958 utrumque
1263 3874 1349 3940 enim
1373 3894 1393 3939 a
1418 3874 1523 3956 poetis
1547 3874 1659 3957 lyricis
1782 3911 1784 3931 ι

324 3983 446 4049 factum
470 4003 542 4060 esse
565 3990 732 4051 testantur
756 3984 886 4051 Marius
903 3983 1095 4052 Victorinus
1120 3985 1168 4062 ΙΙ,
1194 3989 1214 4049 2
1238 3984 1363 4066 (Grani.
1378 3985 1451 4049 Lat.
1479 3984 1547 4049 tV
1570 4003 1599 4064 p.
1614 3985 1657 4047 10

322 4090 371 4155 ed.
398 4091 501 4174 Keil.)
534 4097 568 4157 et
598 4091 776 4158 scholiasta
799 4090 1057 4173 Hephaestionis
1087 4110 1140 4174 pg.
1167 4094 1231 4157 161)
1256 4109 1301 4170 sq.
1326 4091 1373 4156 ed.
1402 4090 1574 4172 Westphal
1604 4089 1655 4170 (cl.
1780 4085 1782 4154 ,¹

323 4195 453 4276 (lhrist,
487 4198 614 4265 Metrik
639 4201 659 4264 2
688 4203 709 4282 ξ
735 4201 818 4281 181).
873 4197 1032 4280 Dipodica
1062 4207 1170 4265 autem
1204 4197 1361 4263 dimensio
1393 4196 1491 4262 huius
1521 4196 1657 4278 paeanis

322 4305 448 4373 duabus
479 4305 639 4389 imprimis
671 4310 769 4372 rebus
792 4306 1055 4387 commandatur,
1086 4314 1120 4372 et
1143 4309 1258 4372 crebra
1282 4303 1509 4370 coniunctione
1536 4302 1658 4386 dactyli

321 4430 393 4478 cum
427 4414 569 4496 spondeo
601 4420 666 4498 (-.
678 4412 819 4501 νυ..)
858 4412 911 4479 vel
948 4415 1083 4478 duorum
1115 4414 1328 4494 spondeorum
1359 4415 1539 4493 („--*),
1574 4427 1656 4489 quae

320 4527 358 4585 ut
373 4519 406 4585 in
430 4520 545 4586 matris
569 4520 788 4604 monopodicis
812 4539 898 4599 rara,
923 4519 972 4585 ita
995 4519 1029 4584 in
1045 4518 1204 4602 dipodicis
1228 4518 1380 4598 frequens
1397 4525 1458 4593 est,
1482 4529 1516 4582 et
1532 4515 1656 4600 magni·

320 4626 434 4693 tudine
450 4645 604 4694 versuum
620 4627 849 4709 complurium;
876 4625 1054 4692 scholiasta
1070 4625 1157 4690 cuim
1181 4624 1236 4689 ille
1253 4622 1513 4705 Hephaestionis
1536 4639 1655 4687 versus

320 4734 498 4818 dactylicos
527 4735 583 4816 qui
617 4734 876 4818 magnitudinem
911 4733 1091 4802 hexametri
1126 4730 1287 4798 excedant
1320 4735 1402 4796 κατὰ
1436 4730 1576 4796 διποδίαν
1608 4728 1651 4793 di·
