3670 5536
752 532 793 585 De
811 529 908 586 iudicio
927 530 1045 585 Iuniano.
1267 589 1269 592 ,
1473 555 1476 564 “
1503 509 1566 600 199

209 741 210 744 ’
299 715 302 722 ’
342 727 420 794 Sino
455 727 552 793 dubio
588 729 667 793 baec
702 729 814 810 atque
836 729 916 796 talia
951 734 1062 796 orator
1091 727 1293 796 vociferatus
1326 735 1423 796 esset.
1472 729 1567 816 Quod

218 834 335 918 igitur
366 834 525 901 Bardtius
561 834 694 900 difficile
723 835 875 902 Oiceroni
911 835 1014 902 fuisse
1050 835 1220 902 existimat
1256 835 1386 902 nomina
1421 837 1566 903 virorum

231 942 433 1024 integrorum
459 941 513 1023 qui
537 942 826 1009 condemnaverint
850 943 1066 1025 Oppianicum
1091 942 1247 1028 proferre,
1271 953 1359 1009 recte
1383 943 1567 1012 existimat:

231 1051 315 1132 quod
351 1054 459 1116 autem
496 1054 592 1130 putat
625 1049 698 1114 illos
734 1069 848 1117 novem
884 1049 975 1118 viros
1017 1067 1088 1114 eum
1128 1050 1396 1116 condemnavisse
1431 1051 1566 1132 ideoque

233 1157 379 1224 homines
401 1158 574 1236 'obscuros
599 1176 671 1222 cum
695 1157 780 1222 iorte
803 1156 983 1240 ignominia
1007 1156 1097 1222 nulla
1120 1155 1228 1222 affecti
1253 1156 1336 1236 siut,
1367 1157 1477 1224 nimiis
1501 1159 1566 1225 lau-

230 1263 326 1330 dibus
359 1263 489 1342 extolli,
521 1281 584 1329 non
620 1269 708 1329 recte
735 1262 873 1328 iudicat.
921 1264 1036 1346 Neque
1061 1261 1238 1329 verisimile
1262 1269 1313 1330 est
1336 1283 1391 1330 eos
1416 1249 1514 1345 viros
1535 1264 1566 1330 'si

232 1370 554 1449 condemnavissent,
585 1370 744 1437 invidiam
768 1370 933 1436 bominum
962 1370 1145 1436 evitaturos
1178 1369 1288 1437 fuisse.
1338 1371 1431 1457 Quod
1461 1372 1487 1438 si
1518 1371 1568 1438 ita

229 1483 319 1555 erat,
337 1495 539 1559 nequaquam
563 1480 605 1544 ab
629 1483 760 1544 oratore
783 1482 937 1559 poterant
960 1477 1106 1555 laudari3
1132 1477 1160 1542 is
1185 1476 1269 1543 enim
1295 1478 1396 1544 risum
1413 1479 1567 1546 auditori·

229 1586 290 1652 bus
320 1584 491 1663 movisset,
523 1585 552 1650 si
583 1585 673 1653 viros
709 1591 877 1666 suspectos
910 1585 1002 1650 velut
1035 1586 1152 1666 probos
1177 1589 1274 1664 atque
1298 1584 1444 1667 integros
1468 1587 1566 1653 nomi·

230 1697 374 1758 nasset
401 1693 517 1774 ltaque
552 1711 615 1758 non
652 1687 755 1758 solnm
791 1691 924 1758 difficile
961 1691 1111 1759 Ciceroni
1150 1691 1251 1757 inisse
1290 1699 1441 1775 putemus
1477 1693 1566 1761 viros

229 1799 392 1883 integrae,
419 1801 473 1882 qui
499 1819 589 1866 reum
614 1801 903 1879 condemnassent,
934 1800 1069 1878 afferre,
1101 1802 1155 1865 sed
1182 1799 1311 1865 omnino
1334 1819 1399 1866 nou
1423 1802 1567 1884 potuisse

232 1925 304 1972 eum
340 1895 425 1972 tales
461 1906 550 1974 viros
586 1897 705 1972 afferre
739 1907 920 1974 iudicamus
955 1913 1054 1990 atque
1084 1911 1123 1972 ob
1154 1907 1237 1973 hanc
1271 1927 1402 1974 causam
1435 1895 1568 1974 nomina

233 2031 354 2099 eorum,
378 2015 433 2096 qui
457 2032 521 2080 non
546 2013 671 2096 liquere
695 2014 869 2092 dixerunt,
887 2015 933 2082 ita
959 2015 1120 2093 attulisse,
1140 2022 1176 2080 ut
1191 2015 1358 2081 auditores
1376 2014 1567 2097 intellegere

228 2123 329 2187 vellet
362 2142 434 2198 eos,
459 2120 516 2204 qni
548 2122 858 2189 condemnaverunt.
908 2121 1033 2208 Quodsi
1057 2124 1130 2203 quis
1153 2122 1242 2189 iuter
1265 2122 1390 2188 iudices
1413 2141 1480 2186 rem
1505 2141 1566 2187 me·

229 2229 332 2294 moria
356 2231 501 2309 tenebat,
526 2227 597 2294 sine
622 2229 691 2295 ulla
714 2228 900 2310 suspicione
924 2231 1003 2295 baec
1027 2229 1159 2295 nomina
1182 2229 1322 2311 accepit3
1352 2227 1407 2311 qui
1438 2228 1566 2310 ignora·

227 2336 321 2411 bant,
360 2354 422 2401 non
453 2335 551 2402 facile
579 2335 662 2401 alios
692 2335 885 2419 cogitabant
919 2337 983 2401 nisi
1017 2337 1121 2418 ipsoS,
1166 2335 1218 2418 qui
1256 2337 1564 2403 condemnaverunt.

227 2443 344 2524 Neque
367 2442 451 2509 enim
477 2463 517 2508 ex
541 2463 588 2522 eo,
613 2443 698 2523 quod
723 2443 788 2508 viri
812 2444 989 2525 prudentes
1014 2452 1047 2510 et
1070 2443 1163 2527 probi
1181 2463 1245 2508 non
1260 2443 1385 2524 liquere
1402 2441 1566 2527 dixerunt,

229 2548 403 2630 quidquam
427 2569 486 2632 pro
510 2550 617 2615 altera
641 2556 735 2633 parte
759 2550 870 2634 colligi
893 2556 1020 2632 potest3
1046 2551 1127 2616 nihil
1152 2551 1240 2617 aliud
1265 2551 1477 2616 declarabant
1501 2549 1565 2614 nisi

228 2664 417 2738 corruptum
442 2657 597 2724 iudicium
623 2676 657 2723 se
682 2656 859 2738 suspicari:
890 2657 986 2722 immo
1010 2677 1068 2739 pro
1093 2678 1147 2724 reo
1171 2658 1279 2741 potius
1305 2658 1388 2740 quod
1412 2655 1461 2723 ita
1485 2657 1564 2723 iece-

226 2772 305 2830 runt
328 2763 542 2846 ioterpretari
565 2763 697 2840 licebat,
717 2773 794 2829 'cum
819 2780 891 2828 eum
907 2765 1130 2830 condemnare
1154 2766 1286 2831 nollent.

339 2873 410 2937 Iam
435 2871 596 2938 eiCicero
620 2871 772 2936 hocloco
796 2870 964 2936 auditores
988 2869 1020 2936 in
1046 2891 1188 2937 errorem
1213 2872 1367 2937 inducere
1393 2872 1504 2958 voluit,
1529 2873 1562 2939 id

228 2978 258 3045 ei
283 2977 549 3061 contigisscnon
573 2977 741 3058 miramur,
774 2982 847 3043 c'um
876 2978 1074 3045 novissimus
1105 2998 1230 3061 quoqne
1259 2979 1423 3061 interpres
1452 2981 1564 3062 etqui

226 3090 399 3166 praeterea
423 3083 563 3150 oratoris
588 3069 730 3150 artificia
754 3086 919 3167 sagaciter
949 3105 987 3152 ac
1018 3084 1126 3151 sobrie
1156 3092 1381 3168 perscrutatus
1405 3096 1474 3165 est,
1504 3089 1564 3154 hac

226 3192 260 3258 in
284 3213 320 3258 ra
344 3192 453 3258 fucum
478 3191 541 3258 sibi
566 3191 638 3256 fieri
661 3209 778 3273 passus
803 3192 856 3258 sit.
1392 3254 1397 3263 ,

338 3297 433 3386 Quod
448 3300 541 3365 modo
558 3299 776 3380 exposuimus
796 3299 825 3366 si
850 3305 938 3365 recte
962 3319 997 3365 se
1023 3302 1128 3382 babet,
1152 3293 1193 3367 ad
1217 3319 1283 3366 rem
1304 3301 1409 3382 ipsam
1426 3301 1562 3367 multum

227 3408 339 3474 valere
363 3406 568 3489 perspicuum
594 3412 661 3472 est:
695 3425 799 3488 neque
828 3404 913 3472 enim
938 3406 1056 3488 reliqui
1082 3427 1196 3474 novem
1229 3407 1370 3488 iudices,
1405 3408 1459 3489 qui
1493 3427 1562 3474 coo·

225 3515 480 3598 demessuerunt,
509 3532 579 3580 cum
614 3513 730 3580 Oicero
760 3512 885 3578 nullum
914 3531 1024 3578 eorum
1054 3515 1190 3580 laudare
1218 3515 1376 3598 potuerit,
1414 3515 1563 3582 meliores

225 3625 304 3687 sunt
327 3620 468 3687 habendi
492 3638 587 3701 quam
613 3619 662 3685 illi
691 3628 781 3698 octo,
813 3619 931 3702 quibus
962 3628 1077 3703 postea
1109 3623 1189 3688 illud
1224 3622 1377 3689 iudicium
1414 3622 1563 3688 nocuisse

225 3728 355 3794 scimus.
419 3729 541 3796 Omnes
580 3726 684 3810 igitur
723 3727 847 3793 iudices
886 3729 1122 3811 septendecim,
1170 3731 1224 3812 qui
1264 3733 1564 3798 condemnaverunt

226 3836 454 3918 Oppianicum,
479 3833 626 3900 homines
650 3835 795 3916 suspecti
820 3835 922 3902 fuisse
946 3836 1113 3915 videntum
1141 3838 1249 3904 decem
1275 3845 1382 3904 autem
1408 3838 1491 3917 illos,
1507 3837 1562 3919 qui

225 3963 288 4008 non
326 3942 451 4025 liquere
482 3943 647 4019 dixerunt,
685 3942 831 4008 homines
867 3945 1044 4026 prudentes
1079 3946 1259 4027 probosque
1295 3944 1414 4023 fuisse,
1451 3945 1563 4028 quales
1605 3959 1609 3966 ·

225 4050 341 4117 Oicero
365 4050 435 4132 ipse
459 4069 514 4116 eos
538 4049 713 4128 describit,
746 4070 809 4115 non
842 4058 895 4116 est
924 4071 981 4116 cur
1012 4051 1227 4129 diffiteamur;
1260 4052 1398 4133 denique
1421 4053 1562 4134 quinque

225 4157 359 4236 iudices
385 4157 441 4238 qui
464 4158 695 4241 absolverunt,
717 4158 807 4224 viros
831 4157 979 4241 integros
1003 4159 1105 4225 fuisse
1129 4158 1226 4225 facile
1250 4157 1420 4225 sumimus:
1454 4160 1508 4240 qui
1533 4160 1561 4225 si

225 4286 286 4348 quo
311 4266 440 4332 nomine
464 4266 609 4348 suspecti
635 4265 785 4347 fuissent,
811 4267 925 4334 Oicero
943 4269 1002 4333 boc
1018 4275 1106 4345 certe
1123 4266 1156 4332 in
1174 4282 1266 4332 usum
1284 4284 1377 4332 suum
1394 4266 1558 4333 vertisset.

337 4376 431 4440 Haec
454 4374 563 4441 omnia
586 4373 743 4440 eiusmodi
769 4379 863 4453 sunt,
894 4381 932 4439 nt
955 4374 1170 4456 suspicionem
1195 4373 1341 4454 corrupti
1365 4389 1385 4438 a
1408 4373 1560 4440 Olueutio

225 4479 338 4547 iudicii
362 4481 561 4547 confirment.
609 4483 678 4546 Iam
710 4499 782 4547 cum
816 4502 856 4548 ex
880 4481 946 4548 illis
971 4481 1189 4564 septendecim
1214 4481 1385 4561 iudicibus
1411 4481 1466 4562 qui
1490 4500 1559 4547 con·

207 4585 480 4669 domaverunt,
512 4594 584 4654 octo
607 4594 741 4669 propter
772 4595 936 4671 acceptam
962 4589 1128 4671 pecuniam
1154 4587 1289 4656 infamia
1311 4587 1380 4654 sint
1403 4585 1560 4672 adspersi,

228 4696 344 4763 Oicero
368 4695 400 4762 id
424 4695 512 4778 agit,
543 4700 581 4761 ut
604 4713 665 4760 eos
680 4696 755 4761 boc
785 4693 920 4760 crimine
944 4703 1071 4778 purget.
1119 4698 1231 4777 Atque
1256 4696 1291 4763 O.
1320 4695 1559 4761 Fidiculanium

215 4801 404 4899 7Falculam,
433 4802 488 4888 qui
516 4821 575 4888 per
605 4803 872 4874 subsortitionem
902 4802 936 4871 in
967 4804 1109 4872 iudicum
1133 4821 1303 4872 numerum
1328 4803 1451 4872 relatus
1476 4811 1558 4883 erat,
